2340 4628
366 629 594 703 LIBER
642 633 722 705 llla
969 650 1041 727 m

54 796 199 869 maxima
220 791 441 877 celebritate,
456 812 555 891 atque
580 794 616 865 in
637 792 744 867 oculis
763 792 891 869 civium
911 820 1026 895 quon·

55 909 125 980 datu
139 907 320 991 viximus,
334 927 423 975 nunc
437 901 598 999 fugientes
617 902 831 1005 conspedlum
847 898 1028 984 sce'letdtor

55 1042 146 1107 tunt,
160 1015 294 1115 quibus
314 1013 430 1087 omnia
447 1012 652 1102 redundant,
665 1011 815 1087 abdimus
827 1039 909 1105 nos,
921 1040 1027 1113 quan-

57 1146 123 1200 tunt
135 1128 293 1213 licet,·et
305 1124 401 1219 saepe
420 1122 480 1196 soli
499 1121 619 1198 sumus.
652 1122 737 1211 Sed,
751 1124 831 1222 quia
845 1125 889 1200 fic
905 1126 947 1199 ab
962 1128 1026 1201 hoa

58 1232 640 1329 minibus-dudlisaccepimutmon
660 1231 768 1306 solunt
791 1255 834 1305 ex
859 1236 952 1309 malis
963 1237 1027 1325 eli·

57 1372 133 1447 gete
156 1345 302 1419 minima
323 1360 500 1439 oportere,
516 1344 571 1416 sed
596 1344 697 1418 etiarn
721 1362 901 1440 excerpere
918 1371 962 1419 ex
977 1347 1028 1421 h'u

59 1454 192 1555 iptis,st
211 1452 298 1553 quid
311 1448 425 1527 inesset
446 1453 550 1539 boni;
567 1474 746 1550 propterea
759 1470 793 1525 et
806 1454 880 1527 otio
904 1454 1027 1544 fruor,

58 1593 126 1640 non
145 1566 210 1639 illo
232 1562 397 1661 quidun,
414 1580 484 1660 quo
501 1565 618 1669 debeat
635 1564 682 1651 is,
697 1563 757 1661 qui
772 1566 950 1663 quondam
965 1592 1029 1664 pe-

58 1675 191 1773 perisset
211 1671 557 1757 otiutn'civitati3nee
572 1700 646 1749 eant
669 1677 878 1751 solitudinem
891 1679 1028 1776 langue-

57 1782 251 1883 repetitur,
270 1806 371 1879 quant
392 1780 474 1853 ntihi
492 1781 587 1857 affert
606 1782 795 1876 necesitas,
807 1809 876 1859 nott
898 1789 1027 1861 volune

58 1912 114 1967 ras.
139 1896 356 1989 Quamquam
371 1888 546 1964 Africanus
563 1893 725 1967 maiorem
736 1895 864 1969 laudent
877 1896 932 1973 vel
946 1920 1024 1975 tneo
1042 1922 1058 1981 a

57 2003 186 2076 iudicio
200 2001 437 2099 assequebatur.
463 2002 549 2075 ntdla
568 2002 657 2075 enirn
674 2003 746 2079 eius
763 2002 887 2100 ingenii
899 1994 1025 2081 monu-

58 2132 169 2185 ntenta
192 2112 347 2183 mandata
370 2106 498 2198 literis,
523 2110 648 2183 nullutn
673 2134 761 2208 opus
783 2112 872 2199 otii,
894 2115 1024 2189 nullum

57 2220 242 2292 solitudinis
254 2232 374 2291 munus
387 2215 496 2289 exstat.
511 2244 552 2290 ex
568 2245 640 2316 quo
655 2221 790 2320 intelligi
804 2224 916 2314 debet,
929 2222 1022 2299 illunt

56 2330 175 2405 mentis
194 2331 400 2428 agitatione,
414 2328 733 2429 investigationeque
754 2360 866 2408 earum
883 2364 1022 2429 rerum,

57 2471 135 2543 quas
162 2445 343 2541 cogitando
369 2444 651 2539 consequebatur,
679 2473 741 2519 nec
768 2450 915 2522 otiosum
928 2505 940 2539 ,
959 2472 1021 2527 nec

55 2555 163 2629 solum
189 2576 338 2654 unquam
361 2552 466 2625 fuisse.
508 2577 570 2627 nos
601 2572 741 2643 autent,
770 2557 920 2652 quinon
946 2580 1022 2633 tan-

55 2683 123 2738 tum
138 2665 274 2737 roboris
292 2665 472 2750 habemus,
491 2685 528 2737 ut
553 2666 758 2762 cogitatione
780 2668 878 2760 tacita
901 2696 920 2742 a
941 2671 1020 2745 soli·

57 2777 170 2847 tudine
190 2770 431 2865 absltahantut,
444 2776 484 2847 ad
513 2775 598 2849 hanc
611 2777 773 2851 scribendi
793 2804 929 2880 operam
944 2808 1020 2855 orna

57 2909 98 2955 ne
124 2882 273 2955 studium
305 2898 485 2979 ctttamque'
514 2885 750 2961 convenimus.
782 2888 895 2986 ltaque
925 2893 1020 2988 plura

57 2991 151 3068 brevi
172 3012 348 3089 tempore,
376 2996 509 3083 eversa,
526 3022 629 3092 quam
652 3000 761 3071 ntultis
783 3000 898 3088 annis,
916 3001 1020 3074 stante

56 3106 253 3203 republica,
272 3105 466 3203 scripsimus.
497 3110 560 3181 Sed
581 3132 658 3185 cunt
691 3129 761 3185 tota
784 3110 1019 3205 philosophia,
1041 3133 1061 3187 a

56 3214 100 3285 nti
118 3214 265 3301 Cicero,
277 3211 433 3311 frugifera
451 3237 484 3287 et
502 3213 689 3303 frudluosa,
705 3240 765 3287 nec
779 3217 843 3286 nlla
864 3241 938 3309 pars
950 3220 1019 3291 eius
1040 3250 1052 3301 t

57 3324 179 3399 inculta
196 3337 241 3417 ‘ac
264 3324 388 3396 deserta
407 3323 464 3411 stt;
481 3342 551 3396 tunt
574 3325 682 3397 nullus
700 3325 842 3397 setaciot
860 3325 895 3395 in
912 3351 950 3398 ea
967 3324 1027 3408 lo·,

57 3460 113 3508 cus
124 3432 194 3517 est,
206 3446 269 3506 nec
283 3434 441 3521 uberior,
455 3458 557 3530 quarn
571 3433 613 3504 de
627 3432 762 3520 officiis,
773 3458 791 3504 a
804 3433 928 3528 quibus
941 3459 1024 3509 con·

57 3547 177 3621 stanter
188 3543 392 3642 honesteque
403 3542 540 3615 vivendi
552 3562 727 3638 praecepta
737 3542 916 3618 ducuntur.
930 3549 1024 3640 Quae

58 3678 90 3731 re
111 3682 314 3757 quamquam
335 3680 355 3727 a
386 3656 546 3752 Cratippo
580 3653 719 3742 nostre,
746 3654 895 3752 principe
914 3658 1023 3732 huius

60 3770 242 3843 memoriae
257 3766 554 3863 philosophorum,
570 3765 649 3837 haec
663 3783 696 3838 te
709 3766 831 3838 assidue
846 3769 957 3843 audire
973 3790 1024 3843 at-

60 3902 121 3975 que
149 3876 303 3974 accipere
325 3875 489 3950 confido:
508 3893 618 3947 tamen
640 3876 830 3948 conducere
853 3879 1027 3967 arbitror,

60 3991 177 4062 talibus
195 4013 290 4061 autes
321 4008 393 4061 tuas
418 3986 559 4059 vocibus
581 3984 727 4081 undique
751 3988 997 4059 circumsonare
1015 4014 1029 4075 ;

61 4124 120 4173 nec
135 4100 248 4188 eas‚st
268 4098 476 4193 tieripoffit,
489 4096 670 4193 quidquam
682 4096 772 4171 aliud
783 4098 910 4171 audite.
922 4100 1027 4190 Quod
1046 4120 1063 4170 6

108 4203 203 4273 Cicer.
231 4203 324 4295 Oper.
353 4203 424 4271 Vol.
448 4198 536 4265 XII.
805 4194 838 4262 H
