2340 4628
162 686 233 771 260
412 687 616 763 CATO
664 682 917 759 MAIOR

162 871 285 942 urent,
299 850 325 925 si
340 848 423 924 nihil
438 872 556 923 eorum
571 844 721 945 ipsorum
731 843 834 919 animi
847 844 1040 937 efficerent,
1053 870 1121 947 quo

163 965 315 1037 »diutius
338 960 536 1035 memoriam
565 957 613 1032 sui
640 974 834 1031 teneremus.
873 954 963 1029 Mihi
986 957 1120 1055 quidem
1161 986 1164 1049 ῑ

162 1104 184 1143 u
196 1096 363 1170 nunquam
383 1067 567 1167 persuaderi
589 1063 718 1163 potuit,
730 1064 883 1154 animos,
898 1063 979 1138 dum
991 1064 1030 1137 in
1042 1090 1119 1139 cor·
1162 1094 1164 1113 ¹

73 1190 78 1211 ¹
162 1181 331 1279 »poribus
354 1178 457 1253 essent
478 1174 689 1264 mortalibus,
710 1173 851 1259 vivere,
878 1198 958 1247 cum
982 1172 1119 1249 exilleut
1162 1208 1164 1273 5

164 1317 237 1363 »ex
259 1291 317 1380 iis,
341 1289 480 1363 emori:
508 1310 572 1360 nec
599 1309 684 1360 veto
705 1304 777 1358 tum
801 1283 952 1357 animum
975 1282 1044 1357 effe
1065 1284 1117 1357 in·
1161 1336 1164 1357 .

163 1401 384 1497 »sipientem,
409 1422 485 1470 cum
512 1421 554 1468 ex
584 1392 748 1493 insipienti
775 1416 921 1493 corpore
953 1392 1118 1479 evafiffeu

162 1508 250 1581 »sed
271 1532 348 1580 cum
365 1503 458 1578 omni
471 1502 679 1575 admixtione
696 1503 851 1601 corporis
869 1503 1045 1592 liberams,
1059 1530 1118 1602 pu·

163 1620 254 1688 urus
282 1637 317 1686 et
341 1615 468 1711 integer
495 1611 559 1684 elle
589 1612 766 1710 coepisset,
790 1628 861 1685 tum
892 1612 960 1687 effe
975 1640 979 1649 ·
993 1612 1117 1710 sapien·
1162 1654 1164 1659 ·

163 1749 186 1789 u
195 1743 275 1795 tent.
300 1725 410 1820 Atque
423 1720 538 1808 etiam,
551 1745 629 1794 cum
643 1719 788 1794 hominis
801 1738 920 1793 natura
934 1739 1045 1794 morte
1056 1718 1117 1793 dis·

164 1831 359 1917 »solvitur,
382 1848 561 1903 ceterarum
589 1853 700 1903 rerum
723 1828 932 1925 perspicuum
957 1828 1026 1917 est,
1050 1853 1117 1929 quo

165 1962 348 2034 »quaeque
361 1936 550 2009 discedant:
566 1937 687 2011 abeunt
695 1940 785 2010 enim
797 1937 878 2011 illuc
888 1936 1117 2029 omnimode

165 2071 188 2111 u
197 2062 271 2120 orta
284 2044 377 2129 sum,
390 2043 519 2117 animus
533 2066 641 2116 autem
655 2042 758 2130 solus,
770 2044 832 2114 nec
845 2066 924 2115 cum
935 2041 1049 2130 adesi,
1059 2066 1117 2116 nec

115 2178 144 2228 ει
166 2186 188 2226 u
198 2182 276 2228 cum
289 2155 442 2241 discedit,
455 2174 600 2251 apparet.
622 2158 688 2224 lam
707 2178 793 2226 vero
807 2152 949 2241 videtis,
962 2153 1044 2225 nihil
1058 2150 1116 2225 elle

165 2264 380 2337 »mortitam
401 2263 521 2352 simile,
535 2288 635 2360 quam
653 2262 819 2339 somnum.
839 2262 941 2360 Atqui
954 2261 1118 2335 dormien-

82 2373 89 2386 “
167 2403 189 2443 u
202 2375 285 2447 tium
309 2374 410 2448 animi
434 2374 577 2447 maxime
601 2374 767 2445 declarant
791 2371 1001 2446 divinitatem
1023 2374 1117 2446 suam.

167 2513 189 2555 u
198 2486 300 2581 multa
311 2484 417 2573 enim,
431 2509 508 2556 cum
521 2482 645 2555 remisit
660 2503 693 2554 et
707 2481 803 2556 liberi
815 2482 907 2567 sunt,
921 2482 1033 2555 futura
1047 2506 1118 2579 pro·

166 2623 188 2663 u
199 2593 349 2689 spiciunt.
362 2595 413 2664 Ex
422 2616 493 2688 quo
501 2591 711 2688 intelligitur,
721 2591 831 2689 quales
839 2589 944 2665 suturi
955 2592 1034 2679 sint,
1046 2618 1118 2671 cum

167 2732 189 2770 n
198 2705 229 2774 se
248 2704 343 2796 plane
360 2701 513 2795 corporis
533 2702 674 2775 vinculis
692 2701 920 2776 relaxaverint.
949 2701 1118 2795 Quare,s

166 2842 189 2880 n
199 2814 280 2884 haec
291 2814 334 2883 ita
351 2812 442 2896 sunt,
456 2811 501 2882 stc
517 2838 571 2883 me
584 2813 738 2900 colitote,
750 2834 787 2886 ut
807 2814 917 2887 deum.
933 2811 983 2886 srn
999 2812 1119 2889 unaell

165 2918 384 2993 »interiturus
403 2920 530 2992 animus
552 2946 627 2993 cum
649 2949 811 3023 corpore,
829 2949 892 2997 vos
912 2941 1026 2997 tamen
1043 2926 1119 2997 deos

165 3058 186 3097 u
197 3050 368 3117 verentes,
382 3028 440 3125 qui
451 3030 536 3102 hanc
549 3057 688 3106 omnem
700 3033 982 3130 pulchritudinem
991 3051 1120 3108 tuentur

165 3166 187 3207 u
196 3160 231 3210 et
241 3156 374 3233 regunt,
387 3137 585 3210 memoriam
597 3139 701 3213 noslri
713 3143 766 3238 pie
776 3140 1003 3239 inviolateque
1018 3144 1119 3217 serva·

165 3244 312 3318 ubilis.»
335 3243 447 3342 Cyrus
464 3245 598 3342 quidem
621 3248 702 3321 haec
717 3249 874 3321 moriens.
899 3248 1032 3338 Nos,fi
1051 3252 1119 3349 pla·

101 3383 122 3433 2
126 3383 143 3456 3
166 3374 236 3441 cet,
249 3351 360 3424 nostra
375 3353 556 3427 videamus.
580 3359 691 3430 Nemo
703 3382 848 3453 unquam
862 3357 968 3445 mihi,
986 3360 1120 3457 Scipio,

114 3482 147 3530 ει
165 3463 391 3557 persuadebit,
413 3480 470 3535 aut
492 3485 617 3559 patrem
643 3482 736 3537 tuum
764 3465 935 3557 Paullum,
960 3487 1017 3542 aut
1039 3471 1120 3542 duos

164 3593 270 3658 avos,
284 3572 429 3645 Paullum
453 3590 489 3644 et
505 3572 694 3647 Africanum
706 3628 715 3659 ,
727 3591 782 3646 aut
803 3576 954 3648 Africani
975 3598 1121 3675 patrem,

125 3714 133 3731 ·
163 3696 219 3753 aut
229 3701 397 3773 patruum,
413 3701 468 3754 aut
483 3683 605 3755 multos
615 3684 811 3780 praestantes
824 3684 937 3776 viros,
950 3711 1038 3785 quos
1046 3714 1122 3766 enus

164 3810 289 3858 merare
303 3810 372 3858 non
390 3789 436 3861 est
450 3790 594 3892 necesse,
610 3809 696 3863 tanta
714 3792 779 3865 effe
798 3812 963 3884 conatos,
976 3819 1063 3894 quae
1082 3796 1121 3869 ad

163 3892 361 3990 posteritatis
371 3896 566 3969 memoriam
581 3900 797 3995 pertinerent,
811 3900 871 3971 nist
885 3903 1001 3976 animo
1013 3930 1122 3979 cerne·

103 4024 105 4029 ’
162 4026 256 4091 rent,
268 4004 488 4100 posteritatem
508 4012 596 4085 adse
611 4015 785 4108 pertinere.
813 4016 866 4085 An
878 4016 989 4091 censes
1002 4016 1069 4118 (ut
1083 4019 1121 4090 de

162 4135 217 4188 me
229 4113 301 4215 ipso
311 4113 434 4217 aliquid
444 4143 538 4195 more
550 4121 664 4196 senum
676 4122 824 4221 glorier)
838 4146 893 4197 me
905 4144 1019 4203 tantos
1029 4126 1122 4202 labo-
