2340 4628
162 596 316 704 146*
400 609 895 685 udowicus

156 789 226 847 tent
245 767 317 847 vita
339 770 401 871 ipli
423 769 533 869 potest
556 771 646 845 utilis
662 770 749 858 elle,
774 796 855 846 cum
875 773 950 848 eius
970 774 1063 859 vitae
1087 798 1127 851 ua

156 883 311 961 conditio
329 885 392 974 stt,
407 903 467 971 ut,
489 884 548 982 qui
565 884 651 958 illatn
673 884 850 983 cripuerit,
870 885 906 959 iu
927 888 1075 962 maxima
1094 908 1128 963 et

157 993 263 1093 gratia
275 993 409 1076 futurus
419 991 476 1078 sit,
487 1010 524 1065 ct
542 993 674 1089 gloria?
688 993 795 1087 Quod
811 992 836 1065 st
855 994 940 1069 haec
951 995 1044 1069 utilia
1054 1000 1126 1071 iton

156 1108 251 1193 sunt,
266 1130 352 1205 quae
371 1103 514 1179 maxime
524 1104 708 1191 videntur,
721 1103 800 1200 quia
815 1105 921 1201 plena
939 1104 1016 1181 sunt
1028 1107 1127 1181 dede·

15 1300 20 1315 ¹
159 1210 249 1286 coris
266 1238 305 1286 ac
318 1210 554 1310 turpitudinis3
573 1204 650 1284 satia
666 1212 852 1307 persuasum
865 1212 935 1287 elle
946 1214 1063 1303 debet,
1074 1215 1126 1290 ni·
1163 1272 1166 1284 .

95 1346 142 1400 22
160 1323 206 1397 hil
222 1322 287 1398 elle
311 1323 410 1412 utile,
422 1321 516 1420 quod
537 1345 607 1415 non
624 1321 713 1395 idem
732 1320 906 1395 bonellum
929 1320 977 1397 stt.
998 1326 1126 1418 Qum·

109 1444 143 1495 8⁶
159 1457 259 1531 quam
278 1431 312 1502 id
330 1429 489 1529 quidem,
504 1453 582 1500 cunt
598 1427 691 1524 saepe
706 1428 783 1501 alias
792 1480 804 1517 ,
813 1446 889 1513 ,tum
902 1431 1027 1528 Pyrrhi
1040 1431 1126 1505 bello

159 1542 232 1613 nC.
245 1539 415 1627 Fabricio,
430 1537 564 1610 consule
583 1534 724 1624 iterum,
737 1559 771 1609 et
782 1535 928 1610 asenam
940 1537 1060 1613 nostro
1074 1537 1127 1613 iu·

160 1650 306 1725 dicatum
318 1646 376 1721 est.
396 1650 484 1719 Cum
498 1646 653 1719 enim-rex
669 1646 816 1744 Pyrrhus
827 1646 958 1745 populo
970 1649 1126 1743 Romano

122 1762 125 1771 ’
160 1760 283 1833 bellum
298 1760 386 1832 ultro
397 1757 574 1847 intulillet,
588 1780 734 1855 cumque
746 1758 788 1831 de
802 1758 950 1856 imperio
962 1768 1128 1837 certam

159 1870 242 1944 essct
254 1895 330 1942 cum
353 1893 430 1966 rege
452 1867 615 1965 generoso
630 1892 669 1939 ac
688 1886 843 1964 potente,
868 1870 1008 1970 perfuga
1026 1872 1070 1945 ab
1083 1896 1127 1946 eo

160 1979 304 2055 venitin
321 1976 424 2052 castra
440 1975 599 2065 Fabricii,
613 1976 711 2074 eique
724 1975 772 2051 est
788 1976 978 2074 pollicitus,
992 1980 1018 2053 li
1034 2004 1128 2079 prac-

161 2089 268 2161 mium
282 2087 340 2160 fibi
355 2084 590 2184 proposuiffet‚
604 2085 654 2177 se,
667 2102 703 2157 ut
713 2085 798 2177 clam
806 2086 969 2179 venill'et,
982 2086 1028 2164 fic
1041 2090 1126 2165 elan

161 2200 195 2271 in
206 2200 327 2297 Pyrrhi
339 2197 441 2271 castra
450 2197 644 2285 rediturum,
653 2214 687 2270 et
695 2221 772 2269 eum
782 2216 1135 2277 venenonecaturum.

163 2311 265 2383 Hunc
284 2307 450 2382 Fabricius
470 2306 693 2380 reducendum
720 2306 850 2380 curavit
869 2307 913 2381 ad
937 2310 1127 2408 Pyrrhum,

162 2416 265 2517 idque
278 2415 398 2490 factum
415 2417 485 2489 eius
497 2442 515 2487 a
530 2410 641 2488 senatu
654 2415 820 2488 laudatum
833 2415 890 2489 est.
906 2418 1009 2516 Atqui
1019 2416 1045 2491 li
1056 2418 1128 2517 spe·

165 2525 252 2597 ciem
265 2524 411 2598 utilitatis
423 2519 686 2620 opinionemque
698 2521 1128 2625 quaerintus,1nagnutuil·¹

86 2729 89 2733 ⁸
163 2637 222 2707 lud
237 2636 359 2708 bellum
375 2635 512 2731 perfuga
528 2659 610 2707 unus
620 2683 631 2720 ,
642 2653 676 2706 et
687 2658 825 2731 gravem
837 2634 1129 2711 adversariumim·

164 2744 250 2841 perii
271 2742 531 2828 sullulillet3sed
550 2767 707 2840 magnum
723 2742 865 2817 dedecus
881 2762 916 2815 ct
940 2743 1128 2843 flagitium,

164 2852 302 2948 quicum
318 2852 426 2924 laudis
453 2870 619 2925 certamen
643 2851 771 2943 fuiffet,
785 2875 861 2927 eunt
882 2878 953 2927 non
974 2857 1127 2951 virtute,

115 2975 149 3037 8:
167 2966 225 3040 sed
242 2963 363 3038 scelere
381 2961 577 3059 superatum.
601 2967 725 3039 Utrum
747 2964 847 3064 igion
865 2966 980 3041 utilius
995 2970 1053 3044 vel
1065 2973 1129 3043 aa·

165 3077 298 3167 bricio,
311 3075 371 3177 qui
383 3076 456 3151 talis
476 3075 585 3165 inbac
608 3077 710 3166 urbe,
726 3077 829 3175 qualis
847 3077 1004 3154 Aristides
1022 3081 1129 3157 Athe·

165 3176 217 3266 nis
239 3189 321 3277 fuit,
337 3188 394 3262 vel
408 3187 533 3262 sonanti
550 3187 681 3281 nostro,
693 3192 753 3290 qui
770 3216 940 3290 nunquam
953 3188 1128 3269 utilitatem

166 3331 185 3376 a
199 3303 356 3401 dignitate
370 3300 527 3393 seiunxit,
538 3302 640 3374 armis
654 3326 732 3374 cum
750 3298 844 3374 holle
858 3319 997 3388 certare,
1010 3325 1053 3374 an
1066 3328 1128 3376 ve·

166 3414 283 3487 nenia?
309 3410 344 3485 si
360 3413 485 3512 gloriae
504 3410 598 3484 caula
619 3408 797 3507 impen'uut
816 3411 1044 3507 expetendum
1059 3411 1127 3503 est,

165 3521 270 3594 scelus
281 3520 381 3612 absit,
394 3522 430 3594 in
447 3545 517 3620 quo
531 3546 601 3594 non
615 3518 723 3618 potest
745 3518 812 3593 elle
827 3519 954 3618 gloria:
978 3520 1026 3595 sin
1042 3522 1128 3621 ipsae

164 3650 249 3724 opes
265 3649 465 3726 expetuntur
488 3655 629 3730 quoquo
650 3629 776 3718 modo,
789 3652 861 3700 non
885 3648 1046 3725 poterunt
1060 3630 1128 3705 uti·

164 3736 213 3811 les
230 3735 296 3810 else
317 3762 394 3811 cum
414 3737 561 3814 infamia.
591 3740 673 3812 Non
690 3736 791 3836 igittu
812 3735 901 3813 utilis
916 3739 974 3813 illa
996 3744 1034 3816 1.
1054 3742 1129 3815 Phi·

162 3845 268 3943 lippi,
281 3849 326 3938 Q.
338 3848 372 3917 F.
394 3846 567 3942 sententia,
582 3874 662 3948 quas
683 3849 831 3924 civitates
854 3854 891 3924 1.
907 3854 1019 3948 Sulla,
1032 3878 1130 3951 pecu·

159 3955 220 4027 ,nia
236 3973 385 4054 accepta,
399 3982 440 4029 ex
459 3958 739 4034 senatusconsulto
765 3961 994 4054 liberavisset,
1005 3983 1045 4038 ut
1070 3965 1130 4037 hae

162 4066 274 4146 aursus
292 4068 466 4173 vedigales
484 4072 603 4166 client,
618 4098 726 4185 neque
748 4074 798 4149 bis
816 4073 1018 4173 pecuniam,
1030 4098 1129 4177 quant
