2340 4560
315 636 872 715 miroveus..
988 671 1054 747 511

85 786 299 875 lucemus,
319 797 363 862 lli.
381 799 411 862 F.
428 799 466 861 ad
486 800 548 862 Att.
569 819 603 885 5,
622 821 669 862 21.

84 876 327 955 1’.‘1.ucclus‚
343 881 381 944 ad
399 880 464 944 Div.
489 902 543 955 12,
559 901 608 978 ²5·
630 883 664 964 ‘st
680 880 709 944 P.
726 881 875 944 Lucceius.

85 962 287 1037 LUCILIUS‚
318 961 368 1025 Or.
400 984 438 1038 2,
453 983 503 1041 70.
520 965 606 1046 nescio
623 965 691 1045 quis.
711 964 853 1047 Pighiuse
869 984 922 1025 ver.
939 969 1005 1029 cod.
1023 971 1061 1029 I·

124 1046 169 1128 gir
185 1042 343 1119 Lucullus,
363 1041 391 1103 te
408 1045 480 1128 cupit
498 1045 530 1103 de
542 1062 619 1126 patre
639 1034 721 1104 illu?
728 1089 739 1117 ,
756 1045 802 1127 qui
820 1046 914 1107 bellum
931 1050 1060 1111 Mithrid.

85 1124 269 1271 Lllglllus
288 1204 406 1277 Bassus,
429 1204 491 1266 Att.
517 1225 568 1279 12,
589 1224 614 1290 5.
631 1205 723 1267 malus
740 1212 848 1269 autlor.
932 1240 935 1244 ·
1121 1252 1130 1270 1

85 1285 122 1350 C.
144 1285 340 1361 Lucillus,
362 1291 459 1365 poeta.
481 1287 531 1348 Or.
560 1308 596 1360 2,
615 1289 642 1349 6.
662 1306 723 1349 ¹nec
751 1288 917 1351 docliffimis
938 1310 992 1352 nec
1015 1292 1058 1353 in.

129 1367 300 1432 doeriffimis
325 1367 355 1429 se
377 1367 497 1429 scribere
520 1367 599 1427 dicit.
625 1368 696 1430 ibid.
727 1391 762 1444 1,
792 1373 835 1433 16.
862 1372 996 1434 inimicus
1020 1377 1060 1452 Q,

128 1449 234 1513 illucio
255 1448 430 1519 Scaevolae,
459 1448 549 1508 homo
570 1449 678 1513 donus.
698 1451 942 1529 epembasim,
967 1454 1058 1516 nemi-

129 1550 200 1592 nem
224 1544 369 1592 oratorem
391 1529 509 1604 statuit,
526 1530 575 1607 qui
592 1550 652 1592 non
676 1532 708 1593 fit
734 1532 869 1594 omnibus
892 1534 1058 1598 liberalibus

130 1611 241 1674 artibus
262 1611 398 1674 imbutus.
422 1612 459 1671 ad
486 1610 549 1676 Div.
572 1632 624 1688 η,
650 1614 692 1676 16.
713 1611 828 1675 libertas
846 1614 907 1677 eius
933 1618 964 1678 in
992 1637 1056 1696 per·

129 1694 301 1772 stringendis
316 1692 492 1754 hominibus.

86 1777 122 1840 l..
145 1774 326 1839 LUCILIUS
341 1773 463 1847 Balbus,
479 1773 557 1836 Brut
567 1797 614 1850 42.
631 1776 752 1850 donus,
766 1775 826 1839 Ser.
837 1775 959 1857 Sulpicii
975 1799 1056 1859 prae·
1149 1831 1157 1851 ,

133 1870 244 1935 ceptor.
268 1859 400 1919 Corradus
415 1858 525 1936 fratrem
541 1875 621 1939 putat
645 1860 762 1939 Quinti,
786 1857 814 1920 δ’
838 1878 939 1942 putrem
964 1864 998 1927 L.
1021 1865 1078 1923 adt

131 1940 207 2000 Div.
254 1983 264 2012 ‚
603 1982 606 1987 ·

87 2021 122 2082 L.
145 1961 344 2092 LUClLlllS,
358 2016 396 2079 ad
414 2016 477 2081 [liv.
496 2037 531 2099 3,
549 2040 577 2094 4.
594 2020 776 2080 uideturintor
791 2023 880 2105 Appii
895 2022 1002 2103 pulchri
1015 2047 1060 2086 co-

131 2103 209 2160 nu'tes
223 2103 252 2161 in
275 2101 370 2162 cilicia
378 2097 468 2179 fuiffe.
519 2162 521 2166 ,
832 2133 837 2146 ·
946 2108 949 2113 ’

88 2184 133 2260 Q.
147 2180 324 2245 LUCILIUS
342 2179 467 2251 balbus,
483 2182 549 2243 Nnt.
562 2180 597 2242 D.
619 2202 643 2254 ι,
657 2205 687 2260 7.
710 2182 844 2256 Stoicus,
861 2184 976 2247 Graecis
995 2206 1055 2265 par.

132 2264 227 2344 Itaque
239 2265 319 2322 etiarn
332 2264 364 2322 L.
384 2263 424 2324 ll.
434 2264 567 2321 inducitur
577 2287 590 2322 e
600 2264 745 2323 Stoicorum
761 2265 905 2347 disciplina
916 2267 1054 2348 explicans

129 2346 217 2404 locum
237 2347 268 2403 de
291 2346 400 2404 Natura
419 2346 547 2403 Deorum.
762 2376 772 2413 ,-

86 2428 168 2489 Sext
189 2423 384 2498 LUCILIUS‘,
404 2426 441 2485 ad
466 2426 527 2485 Att.
552 2443 584 2504 5,
611 2445 657 2485 20.
677 2424 711 2489 T.
733 2424 815 2486 Gavii
833 2423 989 2504 Caepionis
1011 2429 1053 2490 fil.

131 2505 197 2568 trib.
214 2505 275 2569 mil.
295 2507 325 2567 in
345 2507 472 2568 exercitu
490 2504 594 2567 Bibuli.

87 2587 291 2662 Lucullus,
315 2590 353 2649 ad
372 2589 436 2651 Div.
461 2609 511 2661 12,
536 2607 581 2669 ¹3·
601 2584 688 2648 Clallr
708 2584 877 2651 Dolabellae
898 2588 1058 2665 praefectus

131 2671 163 2731 in
183 2669 250 2731 Afia
272 2670 336 2747 post
367 2670 495 2734 Caesaris
521 2680 654 2729 mortem.
683 2669 739 2729 Sed
765 2671 828 2751 quia
860 2671 1006 2752 Appianus
1028 2674 1060 2735 L.

132 2750 270 2829 Figulum
289 2753 358 2812 hunc
373 2751 528 2834 praesidium
540 2750 622 2833 suiffe
640 2751 707 2810 dicit
716 2797 727 2825 ,
744 2770 890 2834 corruptum
902 2751 985 2813 locum
1004 2758 1060 2814 uiri

131 2834 200 2893 dodi
210 2832 389 2916 fitspicanrur.
419 2833 567 2894 Manutius
591 2856 605 2890 e
627 2834 709 2895 codd.
732 2833 784 2915 legi
800 2835 924 2895 uolebat:
944 2833 1059 2899 Lucium

130 2915 313 2976 Praenonrina
333 2915 401 2974 enirn
423 2915 550 2974 interdum
568 2937 617 2997 pro
631 2916 782 2977 nominibus
794 2934 842 2976 out
861 2919 1061 2997 cognominibus

129 2995 438 3137 porpunfrurfslliiiorius
452 2995 627 3075 suspicatur,
647 2995 801 3057 eiLucilio
825 3014 988 3075 cognomen
1013 2997 1060 3058 Fi·

88 3096 430 3231 lUglillETulrlllucretii
439 3156 600 3236 Tricipitini
609 3156 677 3218 filia.
686 3156 754 3235 leg.
771 3177 800 3231 2,
812 3178 840 3232 4.
849 3155 886 3217 de
894 3154 956 3216 Fin.
971 3176 998 3232 2,
1010 3177 1057 3219 20.

88 3240 137 3305 M.
156 3238 393 3314 Lucullum,
412 3241 491 3301 Verr.
513 3259 586 3315 1‚7.
606 3237 734 3300 Senator.

90 3324 131 3400 Q.
151 3321 368 3384 LUCRETIUS
389 3318 519 3398 Vispillo,
538 3319 616 3380 Brut.
636 3317 685 3391 48.
714 3316 919 3393 iurisperitus.

90 3402 132 3483 Q
148 3400 385 3478 Lucuumus,
402 3400 463 3462 Att.
478 3427 514 3478 4,
537 3401 585 3462 16.
605 3398 719 3462 accusat
741 3395 873 3461 Drusum.
890 3419 927 3478 7,
946 3417 994 3474 24.
1009 3417 1056 3482 25·

134 3482 283 3545 familiaris
303 3481 400 3547 Calsri.
425 3483 463 3557 8,
479 3507 508 3558 4.
523 3480 692 3545 Sulmonem
709 3480 791 3559 fugit

89 3562 362 3706 udtucuutlus
383 3565 483 3630 Carus.
509 3566 548 3642 Q.
567 3563 611 3626 Fr.
632 3587 667 3638 21,
690 3585 736 3626 11.
768 3561 828 3622 eius
844 3565 981 3638 poemata
1000 3560 1061 3624 lau-

156 3660 250 3707 antur.

92 3725 389 3803 CN.1.UCUU.US‚
402 3729 463 3790 Au.
482 3746 535 3808 ις,
558 3749 582 3789 ι.
593 3724 740 3788 familiaris
753 3723 918 3802 Ciceronis,
936 3736 1056 3788 matrem

134 3805 235 3870 effert:
255 3808 286 3869 in
300 3809 401 3871 funere
419 3808 496 3883 adest
512 3807 628 3870 Cicero.

91 3889 126 3953 L.
147 3887 367 3963 Lucullus,
380 3891 480 3968 Quint.
503 3890 545 3950 16.
561 3888 747 3981 iurisperitus.
773 3888 846 3970 Quis
858 3887 944 4030 {nair
954 3888 1057 4028 fficio.

133 3970 332 4046 Probabilisbsl
341 3974 484 4032 conielluro
495 3973 529 4031 P.
540 3974 664 4032 Marruuii
680 3972 849 4054 corrigentis:
889 4008 897 4030 ι
909 3969 952 4032 Lu
972 3968 979 3983 ¹
1003 3985 1054 4030 us:

133 4052 168 4112 de
187 4075 238 4134 quo
251 4055 343 4135 supra.
370 4055 434 4132 Nifi
450 4072 535 4112 tamen
551 4055 584 4134 esi
600 4056 640 4127 is,
659 4052 748 4134 quiin
765 4051 842 4131 Tog.
862 4049 951 4111 Cand.
968 4065 1054 4109 accu-

131 4131 210 4196 lator
225 4133 368 4199 Catilinae
386 4155 607 4199 commemoratur:
619 4156 691 4217 quern
705 4136 840 4218 Asconius
848 4143 980 4210 paratum
990 4148 1053 4190 eru·
