2340 4628
66 39 1042 313 Ε-

172 676 226 770 it
399 691 491 766 nr
538 652 895 766 otricus

172 854 253 946 dae,
265 875 351 952 quae
372 852 537 928 ministrae
555 854 630 929 sunt
649 854 862 951 voluptatum
875 910 887 944 ,
900 848 1026 948 marii,

163 967 285 1058 coqui,
299 965 461 1058 fimum,
483 966 674 1059 piscatores,
701 982 740 1035 ut
764 963 811 1037 ait
835 965 1028 1044 Terentius.

171 1069 260 1162 huc,
277 1069 302 1144 li
320 1072 448 1171 placet,
469 1071 727 1169 unguentarios,
748 1071 939 1162 saltatores,
958 1091 1042 1149 totut

106 1201 152 1258 ru
171 1177 287 1255 ludum
298 1181 464 1256 calatium.
485 1181 618 1276 Quibus
638 1197 749 1253 autem
770 1179 898 1254 artibus
915 1200 973 1255 aut
990 1208 1042 1282 pn

169 1291 216 1365 tia
237 1293 346 1369 maior
363 1293 467 1382 inest,
490 1312 639 1367 autnon
660 1289 841 1365 mediocris
859 1292 982 1367 utilitas
1002 1320 1042 1394 qu

167 1419 244 1496 tur,
265 1422 304 1478 ut
323 1405 509 1496 medicina,
528 1423 568 1476 ut
589 1401 829 1492 architeclum
848 1419 885 1475 ut
904 1403 1042 1478 doum

166 1532 242 1584 rum
258 1510 492 1598 honestarum,
512 1512 573 1585 hae
588 1511 662 1584 sunt
679 1511 737 1601 iis,
754 1535 902 1610 quorum
923 1512 1037 1586 ordini

166 1619 309 1697 venium
318 1675 332 1711 ,
343 1619 510 1695 honestae.
536 1625 726 1696 Mercatura
738 1639 873 1712 autem,
889 1619 915 1694 li
932 1623 1042 1700 tenuis

165 1731 303 1815 sordida
324 1733 469 1830 putanda
491 1732 538 1806 eli
552 1760 562 1806 ε
576 1730 624 1804 fin
642 1754 763 1830 magna
785 1750 820 1806 et
840 1732 1004 1830 copiosa,
1028 1760 1042 1806 ι

166 1840 315 1940 undique
335 1862 535 1939 apportans,
548 1841 728 1939 multisque
751 1839 818 1914 stne
841 1839 987 1915 vanitate
1003 1842 1042 1916 in

164 1947 268 2037 tiena;
289 1972 362 2024 non
378 1950 426 2026 etl
440 1951 625 2025 admodum
645 1949 878 2048 vituperanda.
896 1966 996 2049 atque
1013 1969 1042 2027 et

164 2057 322 2135 solariata
338 2059 491 2161 quaestu,
509 2063 565 2138 vel
583 2080 746 2139 contenta
767 2063 903 2159 potius,
924 2081 961 2136 ut
979 2061 1042 2163 saep

164 2170 234 2246 alto
255 2170 291 2245 in
315 2191 474 2270 potem,
494 2200 535 2247 ex
552 2174 626 2273 ipso
651 2193 755 2272 portu
776 2174 812 2277 in
832 2197 930 2272 agros
949 2174 983 2250 se
1003 2201 1042 2275 pt

164 2278 337 2381 fionesque
347 2285 547 2375 contulerit,
560 2283 695 2360 videtur
710 2283 781 2358 iure
799 2286 935 2383 optimo
954 2286 1042 2385 polle

164 2391 247 2466 dari.
269 2392 434 2466 Omnium
453 2415 564 2467 autem
583 2417 716 2482 rerum,
737 2395 915 2493 exquibus
935 2396 1042 2496 aliqui.

69 2500 74 2513 ’
163 2500 328 2603 quiritur,
341 2502 424 2576 nihil
440 2503 487 2578 est
503 2502 705 2605 agricultura
725 2501 860 2594 melius,
877 2504 959 2577 nihil
977 2505 1042 2580 ube

109 2701 112 2712 ,
162 2609 246 2685 nihil
268 2611 411 2700 dulcius,
430 2611 513 2686 nihil
534 2611 673 2686 homine
692 2611 800 2684 libero
819 2612 960 2710 dignius.
983 2615 1025 2688 de

161 2718 321 2816 quoniam
340 2719 376 2791 in
393 2721 525 2793 Catone
543 2717 672 2791 maiore
692 2717 766 2791 satis
785 2719 888 2792 multa
907 2720 1042 2798 diximtu

162 2831 231 2904 linc
250 2826 410 2919 assumes,
432 2854 518 2928 quae
534 2828 576 2900 ad
592 2829 682 2901 hunc
701 2827 815 2901 locum
830 2830 1042 2927 pertinebunt

94 2957 139 3035 43
212 2941 275 3015 Sed
289 2941 331 3015 ab
345 2940 385 3014 iis
406 2941 577 3039 partibtu,
590 2963 676 3038 quae
695 2938 768 3012 sunt
790 2939 989 3035 honestatis,
1002 2970 1042 3044 qt

95 3074 144 3131 ¹2²
164 3051 345 3127 admodum
353 3049 463 3124 officia
476 3051 687 3140 ducerentur,
697 3047 770 3122 latis
780 3049 967 3148 expolitum
981 3049 1042 3128 vid

161 3164 290 3240 Eorum
315 3162 424 3237 aute'm
442 3162 612 3262 ipsorum,
635 3187 721 3261 quae
739 3161 877 3237 honesta
900 3161 998 3255 sunt,
1017 3191 1042 3264 p

159 3275 309 3352 incidere
329 3276 422 3373 saepe
443 3273 636 3360 contentio;
650 3274 692 3347 de
710 3274 842 3347 duobus
855 3273 1001 3349 honestis
1012 3296 1042 3350 ut

157 3382 411 3481 honestiustqui
420 3382 513 3456 locus
524 3380 762 3455 aPanaetioell
771 3381 1021 3478 praetermilius.
1035 3387 1042 3458 l

159 3515 239 3565 cum
253 3490 364 3565 omnis
376 3489 528 3566 honestas
541 3510 682 3567 maneta
695 3489 842 3588 panibus
859 3514 1023 3589 quatuor,
1037 3527 1042 3562 t

159 3626 236 3676 rum
245 3599 588 3702 unafitcognitionis3
603 3603 717 3694 altera,
728 3600 977 3677 communitatis
990 3629 1002 3691 ς
1015 3621 1042 3680 tt

157 3711 452 3810 magnanimitatis3
477 3733 611 3810 quarta,
625 3713 886 3789 moderationis:
902 3715 965 3790 hae
983 3716 1019 3791 in

158 3821 270 3920 gendo
294 3818 412 3893 officio
437 3823 531 3920 saepe
559 3823 646 3898 inter
665 3823 698 3897 se
716 3840 973 3922 comparentur,
996 3853 1042 3902 ne

94 3954 139 4012 ¹5³
159 3932 216 4008 est.
243 3933 354 4006 Placet
376 3929 495 4033 igitur,
524 3935 654 4032 aptiora
677 3933 742 4011 elle
769 3959 902 4026 naturae
928 3961 967 4010 ea
984 3938 1042 4012 offi

157 4067 243 4145 quae
257 4067 299 4117 ex
317 4043 574 4134 communitate,
589 4070 690 4144 quam
712 4070 771 4137 ea,
788 4070 874 4145 quae
893 4072 937 4120 ex
955 4072 1042 4148 cogn

158 4179 202 4231 ne
221 4154 403 4245 ducentum
418 4153 518 4255 idque
542 4155 610 4233 hoc
632 4178 831 4256 argumento
847 4155 1042 4235 confirmari
