2340 4628
152 649 224 723 234
443 624 802 699 tructus

85 848 94 871 .,
149 785 241 859 filii
230 783 382 875 inventi,
400 784 544 863 retinent
564 803 676 861 tamen
697 787 867 861 caritaurn
888 784 926 859 in
951 783 1119 885 pusiones,

149 920 238 993 quos
270 914 383 1009 patreq
414 898 537 971 multos
565 921 672 971 annos
696 896 762 972 esse
792 880 969 971 durentur.
1007 892 1117 989 Quod

150 1006 286 1105 quidem
308 1006 356 1081 est
375 1010 481 1083 multo
501 1007 654 1105 prosedio
676 1009 781 1133 magis
800 1006 836 1081 in
855 1007 949 1083 veris
969 1004 1118 1108 patribus

150 1116 325 1243 certisque·
334 1115 533 1190 faciendum.
561 1119 692 1191 Frudius
708 1119 798 1192 enim
820 1116 1115 1217 ingeniietvirtu·

152 1228 218 1316 tis,
232 1230 410 1356 omnisque
429 1229 663 1327 praestantiae,
682 1250 752 1304 tum
776 1231 943 1307 maximus
965 1228 1117 1357 capitur,

93 1368 140 1419 ao
155 1366 233 1413 cum
256 1341 292 1413 in
313 1342 508 1438 proximum
528 1350 700 1438 'quemque
728 1341 912 1416 confertur.
952 1339 1028 1417 Ut
1017 1340 1118 1439 igitur

108 1482 138 1532 7¹
155 1448 205 1537 ii,
227 1449 285 1546 qui
310 1450 384 1524 sunt
409 1451 448 1521 in
464 1450 626 1524 amicitiae
648 1451 959 1549 coniundiionisque
981 1446 1117 1523 neorffi·

82 1556 88 1575 '
156 1561 269 1634 tudine
283 1561 488 1657 superiores,
500 1586 683 1659 exaequare
696 1564 728 1635 se
742 1588 819 1637 cum
834 1556 1052 1661 inferioribuo
1062 1560 1118 1633 de·

156 1673 256 1755 bem;
283 1670 327 1743 fic
343 1670 517 1746 inferiores
536 1697 605 1745 non
628 1674 762 1762 dolere,
777 1675 809 1747 se
822 1700 841 1745 a
854 1674 919 1747 suis
936 1672 1116 1747 amicisaut

157 1779 313 1877 ingenio,
326 1798 381 1851 aut
395 1780 545 1868 fortuna,
555 1800 613 1854 aut
627 1781 784 1879 dignitate
799 1782 958 1879 superas!
973 1802 1116 1879 quorum

158 1888 310 1987 plerique
334 1908 389 1962 aut
415 1908 597 1987 queruntur
616 1891 746 1988 semper
770 1890 920 1988 aliquid,
943 1887 1116 1964 autetiam

158 2000 363 2093 exprobrant
375 2026 388 2086 ;
400 2025 508 2087 eoque
527 1996 866 2099 magii,s1naberese
881 2017 1018 2097 putant,
1029 1994 1117 2095 quod

159 2110 331 2195 officiose,
344 2129 377 2184 et
391 2110 517 2199 amice,
534 2129 567 2183 et
581 2136 658 2182 cum
673 2111 787 2182 labore
800 2111 915 2208 aliquo
927 2111 989 2184 suo
1001 2109 1116 2183 faunu

159 2242 283 2317 queant
305 2221 422 2294 dicere.
448 2219 615 2293 Odiosum
637 2218 712 2292 sane
731 2245 835 2316 genus
852 2221 1053 2305 hominum,
1069 2214 1118 2288 os·

161 2325 236 2400 sicia
257 2329 554 2426 exprobrantium
576 2352 662 2425 quae
688 2327 873 2405 meminisse
896 2329 995 2401 debet
1018 2326 1119 2431 is‚in

164 2464 263 2535 quem
280 2440 398 2513 coilata
412 2438 506 2527 sunt,
521 2463 589 2509 non
602 2463 888 2528 commemorare,
902 2441 961 2537 qui
976 2436 1122 2513 contulit.

115 2576 147 2627 7²
164 2549 394 2643 Quamobrem
413 2568 449 2621 ιιι
471 2548 517 2637 ii,
532 2548 589 2646 qui
609 2547 792 2645 superiores
812 2547 908 2633 sunt,
922 2546 1121 2621 summittere

163 2659 197 2733 se
211 2660 331 2730 debent
351 2659 387 2729 in
406 2658 573 2743 amicitia;
596 2658 640 2730 sic
663 2658 809 2753 quodam
828 2659 936 2730 modo
953 2657 1120 2731 inferiores

164 2768 334 2838 extollere.
357 2764 431 2835 sunt
450 2765 539 2835 enim
558 2765 690 2860 quidam
703 2817 713 2851 ‚
728 2764 786 2860 qui
803 2764 956 2840 molestas
969 2764 1122 2837 amicitias

164 2875 309 2955 faciunt,
333 2893 410 2944 cum
432 2871 492 2967 ipsi
517 2872 548 2944 se
572 2873 745 2951 contemni
769 2893 912 2969 putant;
937 2874 1034 2970 quod
1056 2892 1121 2943 non

165 2982 234 3059 scre
254 2978 440 3078 contingit,
459 2980 518 3051 niu
541 2980 581 3051 iis
593 3033 604 3068 ‚
616 2981 675 3077 qui
694 2982 795 3053 etiam
811 2982 1076 3055 contemnendos
1095 2976 1123 3050 se

167 3084 388 3175 irbitrantur3
413 3088 471 3186 qui
498 3088 559 3159 hac
587 3087 750 3182 opinione
773 3113 841 3160 non
864 3090 971 3161 modo
997 3086 1123 3173 verbis,

116 3227 147 3283 73
165 3205 222 3281 sed
237 3202 336 3277 etiam
351 3220 455 3297 opere
471 3199 605 3271 levandi
624 3196 705 3271 sunt.
726 3200 871 3271 Tantum
885 3217 998 3271 autern
1012 3195 1124 3292 cuique

167 3317 399 3398 tribuendum,
414 3313 581 3409 primum,
595 3328 755 3406 quantum
775 3309 843 3405 ipse
860 3309 993 3382 efficere
1010 3305 1125 3406 possm

168 3429 287 3501 deinde
306 3426 404 3499 etiam
416 3478 428 3516 ‚
441 3437 602 3521 quantum
625 3419 697 3506 ilie,
716 3444 816 3517 quem
829 3418 945 3515 diligas
960 3436 1059 3517 atque
1071 3414 1124 3487 ad·

168 3543 288 3626 iuves,
311 3537 478 3610 sustinere.
506 3557 576 3605 non
600 3533 690 3603 enim
714 3547 749 3603 tu
774 3529 895 3626 possis,
918 3525 1126 3625 quantumvis

72 3717 77 3726 .
168 3650 328 3745 excellas,
351 3672 469 3720 omnes
489 3666 567 3721 tuos
587 3644 628 3714 ad
647 3642 795 3717 honores
818 3639 1035 3764 ampliffimos
1054 3658 1124 3733 per

107 3836 112 3845 ,
168 3764 312 3842 ducere;
334 3779 370 3832 ut
387 3760 499 3882 Scipio
523 3761 558 3831 P.
574 3756 735 3829 Rutilium
755 3751 865 3850 potuit
878 3742 1124 3823 consulemeffi·

171 3896 265 3957 ecre,
280 3856 456 3941 sratrem
427 3894 499 3941 ems
512 3866 651 3941 Lucium
666 3891 734 3938 non
749 3863 870 3961 potuit.
883 3861 977 3958 quod
993 3857 1122 3931 sietiam

169 3981 272 4091 possis
291 3980 427 4078 quidvis
446 3978 574 4052 deserte
584 3978 629 4050 ad
643 3977 780 4049 alterum
792 4028 804 4063 ‚
818 3972 1005 4047 videndum
1018 3966 1064 4041 esi
1078 3986 1121 4038 ta·

119 4128 154 4178 ιι
170 4121 248 4173 rnen
258 4148 272 4189 ,
284 4092 368 4194 quid
387 4092 442 4169 ille
459 4089 560 4190 potiit
574 4087 737 4165 suunere
771 4085 927 4160 Omnino
947 4077 1125 4157 amicitiae»
