2340 4628
168 679 246 754 on
282 636 593 754 interris.
763 693 863 789 2²²⁷
951 699 956 713 ·

70 841 132 915 slra
147 868 208 917 nec
221 842 409 933 domi,nec
430 841 566 916 militiae
577 839 690 939 Scipio
702 842 866 942 eguisset?
928 898 930 903 .

68 979 95 1025 tr
115 953 285 1027 utilitatem
301 954 465 1061 amicitia,
480 951 534 1025 sed
551 952 671 1027 utilitas
688 955 866 1029 amicitiam

68 1087 79 1135 ι
95 1061 151 1136 esl.
173 1064 253 1135 Non
267 1087 349 1160 ergo
369 1079 467 1135 erunt
487 1060 640 1135 homines
659 1061 782 1136 deliciis
800 1063 866 1137 dis·
888 1088 928 1167 ις

68 1171 278 1262 ιυάἰεηάἰ,ἧ
300 1168 436 1270 quando'
452 1171 493 1243 de
513 1168 790 1268 amicitimquam
804 1198 870 1248 nec
885 1201 917 1256 52

68 1280 191 1353 tatione
206 1280 328 1353 habent
339 1279 528 1376 cognitam,
542 1279 761 1374 disputabunt.
779 1272 872 1355 Nam

74 1408 139 1485 pro
154 1390 252 1462 deum
269 1387 388 1477 fidem,
401 1408 500 1487 atque
514 1390 691 1464 hominum
708 1390 717 1464 !
738 1393 870 1489 quive·

69 1522 134 1595 que
155 1497 267 1594 diligat
285 1488 507 1595 qliemquam,
525 1517 592 1588 nec
603 1497 672 1595 ipse
681 1498 723 1571 ab
737 1499 807 1572 ullo
816 1500 869 1574 di·

68 1603 296 1679 circumfluere
313 1603 474 1676 omnibus
491 1604 621 1701 copiis,
633 1622 732 1703 atque
744 1607 781 1679 in
792 1632 871 1682 om·

68 1742 122 1789 um
136 1713 336 1787 abundantia
348 1711 487 1787 vivere?
502 1714 585 1811 haec
599 1713 689 1787 enim
699 1714 747 1788 est
756 1735 871 1816 tyran·

68 1824 129 1907 ita;
151 1827 186 1898 in
208 1848 273 1920 qua
295 1820 453 1895 nimitum
472 1823 561 1896 nulla
583 1822 687 1912 fides,
706 1828 794 1899 nulla
811 1855 871 1903 ca·
968 1914 971 1918 Α

68 1937 116 2009 lta
142 1935 259 2008 {labilis
282 1933 535 2010 benevolentiae
561 1935 671 2032 potest
693 1936 759 2011 etse
779 1936 905 2013 fidu-⁴

68 2045 116 2117 nia
138 2044 265 2140 semper
285 2041 444 2139 suspesla,
464 2063 563 2141 atque
585 2041 724 2117 sollicita
738 2073 747 2123 t
763 2048 871 2122 nullus

68 2153 197 2226 ticitiae.
226 2151 314 2243 Quis
334 2150 422 2221 enim
443 2173 498 2222 aut
520 2175 595 2221 eum
618 2152 752 2249 diligat,
769 2178 869 2250 quem
888 2182 918 2241 ς,

68 2280 122 2332 aut
136 2284 231 2347 eum,
254 2283 272 2329 a
296 2281 365 2352 quo
391 2257 422 2328 se
441 2257 544 2327 metui
563 2260 675 2361 putat?
701 2260 871 2336 Coluntut

68 2370 236 2443 nulatione
251 2369 408 2440 duntaxat
424 2368 464 2436 ad
478 2389 621 2462 tempus.
654 2370 748 2464 quod
763 2369 785 2440 fi
801 2369 870 2444 for.

68 2506 75 2555 t
96 2475 320 2577 plerumque)
344 2473 548 2556 cecideritin
574 2493 645 2551 turn
660 2478 870 2574 intelligitur,

69 2587 154 2662 erint
172 2587 290 2680 inopes
312 2583 506 2653 amicorum.
533 2583 626 2677 quod
649 2584 873 2681 Tarquinium

68 2715 177 2782 erunt,
196 2694 396 2766 exsulantem
425 2687 456 2760 se
476 2685 697 2780 intellexisse,
720 2716 806 2790 quos
827 2691 877 2793 fi‘:

68 2829 109 2878 os
124 2803 305 2888 habuisset,
321 2824 406 2896 quos
420 2795 563 2884 infidos,
577 2823 653 2872 cum
667 2799 733 2874 iam
747 2804 872 2877 neutris

68 2913 190 2987 reserre
218 2910 332 3010 pollet.
374 2935 576 3007 quamquam
596 2911 721 3002 miror,
744 2911 796 2985 illa
820 2916 873 2986 su·

68 3055 69 3061 ¹
83 3025 334 3121 importunitate
359 3019 382 3090 st
401 3047 601 3120 quemquam
616 3022 738 3097 habere
753 3010 877 3119 potuit.¹

68 3160 74 3212 t
92 3137 210 3223 huius,
232 3159 331 3231 quent
357 3132 446 3217 dixi,
469 3159 602 3224 mores,
623 3160 722 3207 veros
745 3138 873 3210 amicos
889 3174 919 3224 54

68 3274 110 3321 on
130 3265 288 3345 potuere;
305 3244 347 3316 fic
373 3246 556 3319 multorum
580 3271 662 3344 opes
677 3266 879 3344 praepotens

68 3359 187 3430 :ludunt
211 3354 371 3426 amicitias
401 3350 525 3423 fideles,
550 3354 631 3424 Non
653 3355 742 3424 enim
767 3354 874 3429 solum

67 3491 131 3540 una
150 3489 247 3539 caeca
259 3459 353 3545 ells
336 3460 420 3532 sed
405 3485 463 3532 eos
482 3461 582 3533 etiam
595 3462 789 3557 plerumque
802 3463 875 3535 effi·

68 3603 108 3661 s,
123 3599 209 3673 quos
223 3571 395 3668 complexa
409 3567 464 3639 est.
491 3573 601 3664 ltaque
623 3566 807 3644 efferuntur
827 3570 877 3649 illi

70 3689 128 3760 dio
150 3707 183 3761 et
207 3680 437 3763 contumacia;
465 3704 571 3772 neque
594 3679 776 3776 quidquam
796 3680 899 3761 inst·-

68 3814 207 3870 rtunato
220 3788 455 3863 intolerabilius
467 3783 537 3856 lieri
553 3786 669 3881 potesl.
684 3800 794 3883 Atque
809 3791 878 3867 hoc

68 3907 174 3982 uidete
184 3904 280 3990 licet,
303 3926 379 3989 eos,
395 3899 454 3995 qui
473 3913 566 3968 antea
587 3900 778 3971 commodis
798 3898 876 3973 fue·

69 4015 210 4105 tibus,
202 4014 363 4109 imperio,
389 4008 572 4133 potestate,
594 4010 758 4131 prosperis
779 4011 913 4083 rebus

68 4128 100 4222 i,
121 4125 294 4225 spernique
311 4120 394 4202 ab
374 4146 415 4197 us
434 4137 563 4197 veteres
576 4117 759 4288 amponius,
746 4116 927 4208 ,indul-

671 4239 692 4285 2
