2340 4628
35 608 40 625 '
167 654 237 723 ιη
429 631 923 703 DEOFflclls

160 791 289 869 causam
303 792 447 866 maxime
457 847 471 885 ,
480 814 517 865 ut
530 793 583 864 sua
601 812 766 880 renerent,
780 792 989 889 respublica
1001 788 1126 869 civita·

161 922 275 989 resque
285 899 480 974 continnae
489 903 574 976 sunt.
583 904 672 973 Nam
682 902 740 971 etti
754 902 839 970 duee
851 927 969 975 naum
979 926 1125 1001 congre·

162 1014 323 1112 gabnntur
331 1013 494 1085 homines.
502 1034 611 1087 tamen
618 1013 673 1108 spe
683 1011 853 1120 cullodiae
860 1038 974 1085 rtrum
982 1011 1126 1105 sunnin,

111 1154 145 1206 μ
163 1120 294 1193 urbium
309 1119 465 1219 praefidia
478 1122 692 1215 quaerebant.
707 1121 828 1192 Danda
838 1120 941 1192 etiam
953 1119 1125 1217 operaest,

162 1254 204 1303 ne
220 1229 342 1329 (quod
357 1233 446 1329 apud
464 1232 605 1305 maiores
617 1230 748 1302 nostro>
768 1230 864 1326 saepe
884 1228 1004 1317 fiebat,
1017 1252 1123 1326 prop·

30 1432 34 1439 ι
162 1356 212 1411 ter
235 1341 348 1414 aerarii
372 1341 590 1427 tenuitatem,
615 1341 899 1437 alliduitatemque
925 1337 1122 1437 bellorum)

140 1450 323 1525 ¹tributum
336 1451 374 1523 su
391 1450 656 1535 conferendum
676 1453 778 1549 idque
798 1477 842 1525 ne
861 1451 1020 1537 eveniat,
1035 1450 1124 1523 mul·

163 1577 201 1632 to
223 1580 297 1633 ante
312 1559 373 1633 erit
397 1558 655 1652 providendum.
681 1557 728 1628 lin
746 1585 811 1657 qua
836 1559 1006 1631 neoeffitas
1025 1558 1124 1631 huius

102 1742 107 1751 ,
162 1668 308 1741 muneris
335 1665 432 1740 alicui
455 1666 652 1762 reipublicae
676 1667 880 1752 obveneri13
901 1665 1020 1765 (malo
1031 1666 1123 1741 enim

163 1775 279 1860 alteri,
296 1800 394 1869 quam
411 1773 561 1860 nostrae,
576 1774 741 1858 omi-aru
758 1800 867 1871 neque
881 1794 993 1849 tamen
1004 1775 1049 1847 de
1062 1798 1124 1847 no·

162 1880 237 1973 lira,
248 1884 306 1959 sed
320 1885 361 1957 de
372 1883 466 1955 omni
482 1882 650 1981 republica
660 1882 809 1979 disputo;
820 1883 954 1980 )danda
967 1883 1031 1957 erit
1042 1906 1125 1981 ope·

163 2016 220 2080 ra,
234 2010 271 2065 ut
291 2000 410 2066 omnes'
425 1991 605 2089 intelligant
620 1989 669 2091 (fi
684 1990 765 2065 salvi
781 1991 845 2065 esse
858 1991 965 2064 velint
980 1988 999 2089 )
1013 1991 1123 2093 neces-

164 2104 245 2179 sitati
264 2104 330 2179 effe
351 2103 546 2202 parendum.
568 2122 666 2200 atque
687 2100 784 2174 etiam
806 2102 1021 2209 omnes‚.qui
1034 2128 1125 2176 reme
1150 2174 1152 2179 .

161 2214 327 2309 publicam
346 2214 590 2312 gubernabunt,
614 2211 788 2285 consulere
803 2211 993 2300 debebunt,
1009 2229 1049 2285 ut
1067 2237 1123 2291 ea·

160 2345 234 2394 tum
251 2348 361 2395 rerum
376 2321 473 2419 copia
490 2320 550 2407 su,
565 2345 649 2419 quae
664 2320 734 2393 sunt
753 2319 958 2399 netellariae.
983 2342 1123 2416 quarum

160 2431 267 2529 qualis·
284 2431 491 2530 comparatio
508 2430 580 2509 lieri
595 2431 695 2505 soleat
708 2451 741 2503 et
757 2429 895 2517 debeat,
910 2452 981 2502 non
1000 2426 1049 2501 etl
1065 2453 1125 2502 ne«

164 2540 245 2613 cesse
261 2541 434 2639 disputare.
448 2541 494 2614 est
505 2543 594 2616 enim
607 2541 640 2614 in
655 2558 812 2637 promtu:
826 2558 953 2613 tantum
966 2539 1061 2625 locus
1072 2554 1125 2615 at·

112 2676 141 2729 75
164 2651 338 2747 tingendus
350 2651 421 2723 fuit.
435 2653 547 2746 Caput
560 2670 667 2723 autem
683 2646 871 2721 ellinomni
886 2645 1125 2743 procuratione

163 2760 289 2857 negotii
302 2780 333 2832 et
350 2762 493 2833 muneris
507 2759 644 2855 publici,
654 2779 692 2832 ut
701 2759 859 2832 avaritiae
874 2758 1012 2854 pellatur
1022 2759 1122 2833 etiam

165 2871 302 2944 minima
325 2871 476 2968 suspicio.
505 2873 662 2961 Utinam,
678 2872 785 2969 inquit
808 2872 849 2955 C.
872 2873 1008 2944 Pontim
1029 2871 1123 2943 Sam·

161 2978 234 3066 uis,
248 2980 289 3051 ad
303 2979 357 3051 illa
375 3004 529 3074 tempora
551 3005 605 3051 me
625 2979 758 3054 fortuna
779 2979 1122 3069 reservalie12ettum

163 3087 263 3163 etiem
285 3108 401 3180 natus,
415 3087 438 3159 sn
454 3090 588 3187 quando
603 3089 746 3162 Romani
760 3092 848 3164 dona
870 3090 1022 3187 accipere
1041 3112 1122 3162 coe·

162 3202 301 3303 pilient!
325 3228 392 3277 non
409 3202 509 3276 effen
523 3200 631 3291 patius
644 3203 767 3277 diutius
779 3228 837 3277 eos
851 3204 1026 3297 imperaret
1050 3201 1121 3275 Nae

161 3310 206 3385 illi
234 3315 334 3387 multa
360 3313 465 3386 lecula
490 3310 708 3407 exlptilunda
731 3311 874 3386 fuerunt.
901 3310 1007 3381 modo
1031 3309 1121 3383 enim

41 3450 48 3471 ¹
161 3420 228 3497 hoc
244 3426 364 3495 malum
388 3423 421 3493 in
439 3422 523 3497 hanc
540 3423 776 3517 rempublicam
792 3421 919 3505 invafit.¹
938 3419 1051 3519 itaque
1072 3418 1121 3492 fa-

164 3529 227 3600 cile
245 3535 352 3625 patior
373 3552 441 3605 tum
463 3534 575 3631 potius
594 3535 751 3605 Pontium
772 3531 886 3620 soille,
909 3530 1120 3630 siquidemiu

163 3634 223 3707 illo
236 3657 360 3711 tantum
375 3640 437 3716 fuit
459 3643 601 3725 roboria,
628 3643 789 3715 Nondum
809 3663 943 3717 centum
957 3660 991 3711 et
1004 3639 1122 3722 decem

165 3747 243 3817 anui
258 3746 426 3831 suuucum
441 3751 481 3825 de
492 3752 640 3846 pecuniis
652 3752 869 3847 repetundisa
880 3755 915 3824 L.
928 3751 1046 3826 Pisone
1058 3753 1124 3826 lata

163 3852 209 3925 est
221 3854 295 3939 lex.
309 3855 394 3928 nulla
419 3876 511 3930 antea
530 3886 607 3935 cum
633 3859 749 3935 fuitser.
774 3869 818 3934 At
837 3887 919 3935 vero
942 3860 1056 3959 postea
1069 3880 1122 3936 tot

163 3962 271 4061 leges,
284 3984 317 4039 et
336 3968 508 4066 proximat
532 3996 682 4070 qttaeque
701 3973 876 4046 duriores:
900 3992 953 4046 tot
975 3971 1049 4061 rei,
1070 3990 1124 4055 tot

163 4071 329 4168 (brunuli,
351 4099 476 4153 tantum
500 4078 646 4166 italicum
670 4081 790 4157 bellum
816 4102 955 4191 propter
982 4079 1123 4167 iudicio·
