2340 4628
173 588 260 721 na
299 644 688 725 sennen-ure.
864 651 934 754 rr,

68 833 105 881 m
118 806 291 884 immissio.
312 811 405 903 Quid
426 836 491 910 ego
506 810 743 912 irrigationes?
764 814 847 914 quid
861 816 930 891 sos·
948 798 999 908 ς(

90 919 182 1018 agri,
198 919 533 1022 repastinationesque
552 921 741 1020 proferam,
753 926 873 1024 quibus
890 928 930 1005 fit

68 1062 72 1096 υ
99 1054 189 1103 terra
210 1028 437 1105 foecundior?
468 1032 563 1126 Quid
584 1033 626 1105 de
652 1033 788 1108 utilitate
812 1037 931 1136 loquar
977 1099 980 1109 .

68 1141 202 1214 trandi?
217 1140 285 1215 dixi
298 1142 387 1216 ineo
401 1143 489 1216 libro
502 1197 513 1234 ,
525 1168 626 1243 quem
640 1144 682 1215 de
694 1142 791 1218 rebus
804 1145 929 1223 rusticis

68 1250 100 1335 i,
117 1250 159 1323 de
180 1275 248 1348 qua
263 1251 381 1347 dodun
399 1248 561 1324 Hesiodus
577 1277 619 1355 ne
637 1251 781 1327 verbum
795 1254 930 1351 quidem

84 1386 164 1435 cum
185 1363 226 1435 de
246 1363 370 1438 cultura
390 1363 458 1457 agri
480 1363 646 1463 scriberet.
671 1369 718 1438 At
737 1366 905 1441 Homerus
914 1417 933 1457 ,

68 1470 175 1559 tultis,
188 1489 225 1543 ut
242 1473 323 1545 mihi
338 1474 490 1564 videtur,
511 1491 587 1547 ante
604 1472 718 1549 seculis
737 1473 819 1563 suit,
832 1477 932 1547 Laer-

68 1585 222 1659 mientem
237 1586 449 1679 defiderium,
463 1588 558 1686 quod
575 1588 728 1686 capiebat
740 1614 760 1662 e
773 1582 856 1675 titio,
867 1611 929 1667 co,-

68 1719 86 1765 n
98 1719 212 1793 agrum
226 1751 238 1787 ‚
255 1715 287 1770 et
300 1724 375 1771 eum
388 1698 621 1797 stercorantem
634 1697 729 1773 facit.
758 1700 831 1773 Nec
844 1724 930 1775 vero

68 1804 126 1879 bus
136 1805 255 1899 solum,
267 1833 299 1883 er
311 1811 426 1909 pratis,
439 1831 472 1885 et
482 1798 646 1899 uineis,et
658 1809 794 1883 arbustis
807 1835 859 1885 res
872 1837 926 1903 ru,-

78 1918 180 1992 iaetae
193 1919 267 1995 sunt
281 1947 292 2007 3
309 1922 474 1996 sedetiam
488 1922 593 1996 hortis
605 1938 640 1995 et
656 1922 838 2019 pomariis:
852 1942 926 1999 tum

68 2053 129 2100 ¹um
145 2028 257 2126 pastu,
271 2030 382 2128 apium
396 2030 622 2125 examinibus,
633 2030 757 2105 florum
772 2032 927 2109 omnium

68 2158 129 2212 ate.
149 2142 220 2213 Nec
234 2140 433 2215 consitiones
446 2142 551 2213 modo
565 2142 744 2230 delediant,
758 2141 925 2216 sedetiam

68 2275 152 2336 ›nes;
165 2252 281 2349 quibus
297 2252 377 2324 nihil
394 2252 523 2328 invenit
537 2254 736 2351 agricultura
754 2254 927 2331 sollertius.

68 2387 95 2433 m
111 2362 258 2460 persequi
273 2365 372 2435 multa
393 2364 634 2435 oblciiamenta
659 2388 769 2443 terum
789 2365 925 2439 rustica·
952 2376 996 2449 16

74 2470 128 2543 sed
144 2495 181 2543 ea
194 2472 278 2569 ipsa,
299 2496 384 2569 quae
402 2470 493 2560 dixi,
511 2470 605 2542 fuisse
630 2471 734 2544 sentio
761 2473 925 2568 longiora.
948 2511 974 2562 55

68 2579 140 2653 :etis
156 2599 278 2655 autem.
314 2605 388 2653 nam
412 2602 445 2653 et
467 2576 576 2651 studio
601 2604 712 2651 rerum
732 2579 926 2653 rusticarum
977 2644 981 2657 .

68 2690 141 2763 dius
155 2691 225 2763 sum
236 2747 246 2782 ,
259 2709 291 2762 et
306 2690 451 2764 senedius
472 2688 519 2764 est
540 2707 654 2761 natura
667 2690 867 2787 loquacior3
884 2716 926 2766 ne

68 2801 176 2875 tnibus
189 2828 261 2874 eam
275 2802 365 2875 vitiis
380 2802 496 2875 videar
510 2799 690 2875 vindicare.
711 2805 801 2900 Ergo
814 2802 848 2874 in
861 2802 925 2876 hac

68 2909 102 2984 i’.
115 2911 258 3001 Curius,
272 2935 347 2984 cum
368 2911 408 2983 de
428 2910 644 3000 Samnitibus,
659 2912 701 2985 de
723 2909 867 3002 Sabinis,
881 2912 926 2984 de

68 3046 94 3097 o
110 3021 353 3118 triumphasset,
377 3020 555 3093 consumsit
580 3042 767 3094 extremum
789 3040 925 3117 tempus
970 3064 972 3069 <

68 3154 97 3202 r:
113 3129 205 3202 cuius
220 3128 353 3226 quidem
369 3128 478 3200 villam
493 3152 557 3224 ego
572 3128 801 3223 contemplans
816 3125 924 3221 (abest

68 3262 136 3310 non
154 3238 252 3334 longe
265 3263 282 3308 a
300 3234 378 3333 me)
394 3235 548 3308 admirari
563 3233 636 3307 satis
649 3258 718 3305 non
731 3233 860 3328 possum
871 3232 926 3305 vel

68 3349 108 3422 tis
126 3347 226 3445 ipsius
241 3347 492 3434 continentiam,
506 3345 560 3418 vei
575 3363 765 3440 temporum
780 3341 928 3440 discipli·

80 3461 208 3549 Cutio,
221 3458 262 3533 ad
277 3461 389 3534 sucum
407 3458 557 3547 sedenti,
577 3480 732 3552 magnum
748 3455 816 3526 auri
835 3477 927 3551 pon-

68 3574 195 3647 unnites
217 3598 293 3647 cum
317 3568 696 3665 attulissent,‘repudiati
721 3567 761 3639 ab
782 3592 825 3640 eo
845 3568 928 3643 sunt.

68 3684 135 3757 nim
149 3708 265 3754 aurum
278 3683 408 3772 habere,
425 3681 630 3778 praeclarum
645 3678 817 3754 srbivideri
829 3678 926 3766 dixin

68 3851 78 3887 ,
92 3793 153 3894 qui
167 3794 323 3866 haberent
337 3819 465 3882 aurum,
479 3793 652 3887 imperare.
666 3794 842 3864 Poteratne
855 3814 926 3862 tan-

68 3905 154 3979 imus
174 3927 243 3974 non
263 3903 440 3976 iucundam
463 3902 594 3974 efficere
615 3899 813 3974 senedutem
830 3899 844 3970 i
860 3897 925 3971 Sed
945 3915 979 3977 56

68 4016 108 4087 ad
117 4011 291 4112 agricolas,
300 4036 340 4081 ne
351 4036 368 4081 a
380 4037 432 4083 mc
442 4009 513 4105 ipso
522 4009 683 4082 recedam.
698 4007 926 4104 inagriserant

68 4127 247 4214 errorores,
261 4121 409 4196 etiidem
430 4120 541 4197 senesz
568 4117 727 4217 siquidem
756 4113 862 4188 aranti
885 4113 925 4192 1.
