2340 4628
50 39 1108 314 Ε

85 686 201 800 Ιιι
407 654 896 761 Deoattctrs
990 632 993 637 ’

153 851 222 941 ni,
247 872 346 951 quam
368 844 555 922 addubitata
581 847 668 920 mali.
695 830 904 920 Periculosae
926 858 1036 917 autem
1056 826 1108 917 tei

112 972 115 977 '
152 985 227 1032 rum
254 960 401 1032 acliones
426 957 546 1056 partim
568 957 609 1031 iis
629 957 727 1045 sunt,
748 956 808 1054 qui
832 979 886 1029 eas
908 953 1108 1053 suscipiunt,

151 1072 272 1169 partim
284 1070 497 1169 reipublicae.
517 1074 666 1170 Itemque
686 1070 739 1143 alii
753 1069 797 1142 de
813 1069 901 1156 vita,
916 1068 970 1140 alii
983 1067 1027 1140 de
1040 1065 1108 1164 glo·

152 1178 223 1270 ria,
238 1199 272 1255 et
287 1180 521 1254 benevolentia
539 1181 667 1254 civium
686 1179 721 1252 in
743 1177 920 1267 discrimen
936 1194 1108 1251 vocantur.

152 1291 388 1365 Promtiotes
377 1290 480 1391 tgirur
495 1289 652 1364 debemus
672 1290 737 1363 elle
756 1287 799 1362 ad
821 1287 934 1371 nolira
951 1285 1108 1384 petimla

151 1400 253 1494 q'uam
278 1398 320 1470 ad
342 1399 552 1487 communia,
574 1399 801 1520 dimicareque
818 1395 962 1495 paratius
988 1394 1032 1467 de
1049 1393 1108 1467 ho·

153 1528 238 1579 nore
257 1524 291 1578 ct
312 1506 439 1605 gloria,
459 1532 560 1605 quam
584 1507 627 1579 de
648 1507 766 1580 ceteris
784 1504 987 1579 commodis.

102 1628 160 1696 ιι
204 1618 460 1690 inventionem
470 1614 572 1688 multi
592 1600 667 1689 sunt
674 1617 762 1714 ‚qui
785 1624 857 1690 non
878 1614 987 1687 modo
1012 1634 1108 1734 pecu·¹

152 1724 263 1815 niam,
278 1725 333 1797 sed
351 1725 457 1798 vitam
475 1726 572 1798 ctiam
590 1724 794 1823 profundere
809 1748 875 1823 pro
891 1720 996 1822 patria
1011 1724 1108 1823 parat]

153 1832 277 1907 cliente
298 1833 400 1908 iidem
414 1834 538 1933 gloriae
557 1837 713 1910 iaderam
727 1862 770 1910 ne
788 1836 959 1909 minimam
978 1836 1108 1935 quidem

155 1942 266 2017 facere
278 1944 424 2035 vellent,
443 1969 486 2019 ne
504 1946 672 2046 republica
697 1945 833 2047 quidem
854 1944 1060 2045 postulante:
1081 1968 1108 2018 ιι

122 2054 126 2061 ’
153 2052 406 2146 Callicratidas,
422 2056 572 2163 quicum
592 2058 932 2133 lacedaemoniorum
953 2058 1024 2131 dux
1038 2056 1108 2132 fuit

154 2165 204 2237 set
221 2167 504 2267 Peloponneliaco
516 2170 630 2262 bello,
643 2172 812 2269 multaque
826 2168 951 2242 feciuet
970 2170 1102 2269 egregie

156 2278 277 2351 evertit
292 2280 334 2353 ad
347 2298 532 2356 extremum
546 2283 675 2374 omnia,
690 2268 918 2358 cumconsilio
928 2303 997 2353 non
1011 2280 1108 2378 patui·

156 2414 296 2484 cotum,
309 2393 368 2495 qui
389 2395 520 2472 claffem
540 2397 581 2470 ab
597 2392 776 2497 Arginuffis
788 2393 1108 2483 removendam‚ner

156 2524 234 2585 cum
250 2502 500 2583 Athenienlibus
514 2506 738 2581 dimicandum
748 2503 914 2603 putabant.
926 2502 1058 2594 Quibus
1067 2502 1108 2576 ill

156 2609 341 2707 respondit,
351 2617 649 2705 Lacedaemonios,
663 2612 756 2693 dalle
766 2614 821 2686 illa
831 2610 940 2687 amissa
942 2612 1108 2710 ,aliampa

155 2744 231 2792 rare
239 2720 350 2813 posse
367 2725 398 2798 se
408 2724 523 2825 fugere
532 2725 598 2799 stne
614 2725 673 2798 suo
687 2722 853 2797 dedecore
864 2747 933 2795 non
945 2720 1051 2821 poil'e.
1060 2728 1108 2797 At·

156 2830 311 2929 quehaec
323 2834 458 2935 quidem
466 2832 739 2910 Lacedaemoniis
752 2828 847 2932 plaga
857 2832 1054 2920 mediocris
1063 2826 1108 2907 ill

154 2936 328 3036 pestifera,
343 2966 425 3045 qua,
436 2970 512 3022 crim
525 2936 790 3032 Cleombrotum
802 2940 1003 3016 invidiam
980 2960 1103 3017 umens

109 3080 112 3095 ·
157 3065 286 3127 temere
307 3074 385 3125 cum
410 3053 640 3155 Epaminonda
660 2994 881 3142 confliriisset,
896 3052 1108 3131 lacedaemo

157 3158 293 3236 nictum
315 3186 400 3265 opes
419 3170 629 3267 coriuetunt.
651 3165 790 3267 Quanto
808 3164 855 3265 Q
870 3160 1037 3243 Maximus
1048 3188 1108 3241 me

153 3270 245 3348 lius?
259 3276 302 3351 de
319 3302 389 3379 quo
407 3254 556 3354 Ennius:

169 3384 309 3461 Unus
328 3394 420 3463 homo
439 3393 529 3499 nobis
555 3368 729 3464 cun'c‘lando
750 3389 876 3489 restituit
896 3416 969 3462 ιιιιι.

207 3501 288 3569 Νοιι
266 3505 442 3595 rponcbat
462 3478 547 3577 enim
570 3527 703 3574 tumores
721 3525 794 3573 ante
803 3501 950 3593 saltuem.

208 3611 294 3707 Ergo
319 3614 475 3708 magisque
493 3614 651 3711 magisque
672 3615 732 3686 νὶιι
745 3620 831 3703 nunc
848 3612 974 3733 gloria
964 3612 1069 3683 claret.

157 3714 265 3809 Quod
285 3742 389 3821 genus
408 3718 568 3817 peccandi
589 3698 760 3815 vitandum
783 3716 830 3794 est
846 3720 944 3793 etiam
965 3717 1002 3791 in
1022 3712 1108 3792 reisu

154 3822 299 3899 urbanis.
314 3826 397 3905 Sunt
409 3852 513 3919 enim
525 3830 595 3929 qui,
609 3831 703 3929 quod
714 3828 869 3918 sentiunt,
882 3826 940 3900 etst
951 3845 1108 3924 optrmun

152 3927 218 4023 fit,
231 3951 343 4008 tamen
363 3935 507 4031 invidiae
529 3954 617 4010 metu
641 3959 710 4009 non
723 3936 864 4010 audeant
880 3934 1003 4007 dicere.-

92 4067 134 4144 ις
206 4038 359 4116 Omnino
379 4069 437 4143 qut
426 4040 646 4143 reipublicae
659 4042 841 4143 praefuturi
855 4043 951 4130 lunt,
965 4043 1036 4116 duo
1049 4042 1108 4117 Pla

105 4165 135 4236 ⁸5
159 4153 247 4232 tonis
259 4174 432 4259 praccepta
449 4162 607 4247 teneant·
594 4212 603 4230 .
619 4181 740 4246 unum,
753 4170 790 4231 ut
788 4152 1020 4230 utilitatem
990 4154 1108 4231 civiun
