2340 4628
167 680 232 753 ¹94
408 658 608 729 caro
657 658 908 733 Maron

159 818 264 893 sensro
279 818 337 891 est.
361 841 448 916 quae
464 839 575 891 tamen
593 816 707 889 omnia
722 816 873 889 dulciora
889 814 976 891 lium
994 833 1032 890 et
1046 840 1114 889 mu·

156 906 246 1002 rilnu
264 928 386 1017 bonis,
405 946 438 999 et
456 928 604 1014 artibus;
627 930 726 1025 idque
746 950 818 999 tum
835 927 871 999 in
891 930 985 1017 vira,
998 926 1113 1001 tumis

154 1040 249 1115 scena
275 1041 412 1139 intelligi
435 1038 542 1137 potest
561 1065 604 1111 ex
628 1040 668 1113 iis
692 1034 865 1129 fratribus,
890 1040 1000 1139 quiin
1014 1038 1114 1111 adel·

154 1154 231 1251 phis
244 1152 326 1226 sunt.
350 1170 469 1251 quanta
489 1152 525 1223 in
544 1152 649 1223 altero
671 1149 813 1240 duritas,
832 1148 868 1222 in
882 1148 992 1223 altero
1005 1147 1111 1223 comi·

154 1264 224 1337 tas!
248 1266 301 1337 Sic
320 1263 352 1336 se
373 1289 425 1337 res
448 1261 557 1336 habet.
586 1281 624 1334 ut
646 1259 733 1333 enim
756 1284 825 1333 non
849 1284 956 1333 omne
972 1260 1110 1350 vinum,

152 1369 197 1443 src
211 1396 279 1443 non
300 1370 408 1443 omnis
422 1390 507 1445 aetas
528 1367 686 1443 vetustate
710 1366 881 1441 coacescit.
906 1368 1109 1443 severitatem

152 1478 188 1555 in
208 1483 368 1554 senellute
389 1482 519 1578 probo,
533 1481 588 1554 sed
600 1507 674 1556 eam
689 1479 795 1579 (srcut
814 1480 904 1581 alia)
921 1484 1107 1570 modicam

149 1590 361 1665 acerbitatem
380 1590 605 1665 nullomodo.
641 1591 777 1665 avaritia
799 1617 885 1665 vero
910 1594 1019 1669 senilis
1032 1592 1109 1693 quid

101 1716 134 1769 ιο
151 1700 208 1772 fibi
222 1700 320 1787 velit,
342 1726 411 1772 non
432 1700 592 1799 intelligo,
621 1700 729 1774 Potesl
745 1700 833 1773 enirn
852 1703 1036 1802 quidquam
1048 1698 1107 1777 csse

150 1806 341 1895 absurdius,
365 1832 486 1904 quam,
511 1832 582 1906 quo
609 1808 717 1880 minus
738 1808 811 1881 viae
832 1808 949 1902 restat,
971 1834 1018 1884 eo
1039 1809 1107 1909 plus

149 1915 264 1988 viatici
277 1941 433 2013 quaerere
447 1923 460 1990 ?

91 2038 132 2111 ¹9
185 2030 312 2121 Quarta
328 2029 423 2103 resiat
433 2031 638 2129 causa,quae
647 2030 919 2129 maximeangere
930 2053 1034 2131 atque
1047 2032 1106 2106 sol·

148 2136 269 2209 licitam
281 2139 553 2213 haberenoslram
563 2138 854 2229 aetatemvidetur,
865 2142 1107 2239 appropinqua·

149 2244 198 2316 tio
218 2246 354 2331 murtis;
372 2274 456 2345 quae
476 2268 564 2321 certe
580 2274 597 2320 a
617 2247 779 2319 seneliute
802 2272 872 2320 non
889 2249 997 2345 potesi
1011 2252 1104 2348 longe

149 2354 266 2426 abesse.
301 2358 336 2427 0
350 2357 502 2429 miserum
521 2356 645 2443 senem,
658 2354 716 2453 qui
731 2377 875 2428 mortem
890 2378 1105 2433 contemnen-

149 2463 222 2536 dam
242 2464 306 2536 esse
329 2464 361 2535 in
379 2486 445 2537 tam
460 2466 558 2563 longa
577 2486 680 2537 aetate
698 2486 767 2534 non
787 2460 927 2538 viderit!
951 2492 1038 2564 quae
1054 2482 1104 2540 aut

147 2574 241 2672 plane
258 2577 450 2675 negligenda
465 2577 530 2665 esi,
549 2577 571 2647 sr
589 2577 731 2649 omnino
748 2572 922 2674 exstinguit
937 2582 1101 2665 animum3

145 2687 310 2760 autetiam
329 2690 496 2783 optanda,
512 2688 533 2758 sr
547 2688 660 2787 aliquo
670 2712 746 2760 eum
761 2686 912 2773 deducit,
924 2691 984 2763 ubi
999 2692 1037 2764 srt
1052 2692 1102 2765 su·

144 2812 237 2865 turus
263 2818 422 2869 aeternus.
458 2800 560 2895 Atqui
584 2798 715 2870 tertium
738 2815 827 2870 certe
853 2799 937 2871 nihil
959 2800 1099 2875 inveniri

93 2914 124 2979 ⁶7
143 2903 260 3001 potesi.
288 2909 380 3000 Quid
405 2908 504 3005 igitur
524 2908 719 2993 timeam‚si
742 2930 796 2980 aut
822 2932 891 2980 non
915 2911 1015 2985 miser
1031 2910 1100 3009 posi

143 3038 305 3102 mortem,
321 3036 375 3089 aut
394 3017 508 3091 beatus
521 3018 619 3093 etiam
643 3018 770 3090 sirturus
787 3016 883 3090 sumi
901 3045 1098 3121 quamquam
1141 3064 1147 3091 t

141 3128 215 3223 quis
237 3126 283 3199 esi
298 3147 364 3199 tam
385 3126 514 3216 stultus,
533 3129 685 3229 quamvis
704 3128 741 3201 lit
761 3128 973 3219 adolescens,
986 3131 1042 3204 cui
1062 3130 1097 3204 fit

140 3237 370 3335 exploratum,
393 3237 423 3311 se
447 3238 488 3310 ad
510 3238 687 3336 vesperum
712 3234 776 3307 esse
799 3233 989 3310 visiurum?
1015 3240 1115 3343 quin·

139 3348 238 3419 eriam
262 3368 347 3423 aetas
370 3346 422 3421 illa
443 3349 548 3426 multo
570 3349 694 3445 plures,
714 3370 816 3443 quam
834 3344 967 3439 nostra,
981 3350 1095 3432 mortis

139 3460 228 3531 casus
243 3461 349 3534 habet.
362 3458 487 3534 facilius
498 3458 531 3531 in
544 3460 682 3531 morbos
696 3458 845 3529 incidunt
857 3457 1094 3546 adolescentem

137 3566 271 3661 gravius
300 3589 491 3665 aegrotant;
518 3568 639 3641 tristius
669 3584 835 3639 curantur.
862 3567 976 3665 itaque
998 3570 1094 3669 pauci

136 3670 274 3743 veniunt
293 3676 336 3744 ad
355 3676 575 3750 seneliutem:
592 3674 684 3773 quod
708 3673 740 3745 ni
756 3675 801 3744 ita
825 3677 1011 3766 accideret,
1028 3700 1095 3751 me·
1141 3744 1145 3751 .

136 3777 198 3849 lius
209 3796 241 3849 er
254 3780 445 3871 prudentius
460 3782 641 3856 viveretur.
666 3785 760 3853 Mens
775 3782 884 3869 enim,
898 3801 931 3856 et
944 3787 1051 3875 ratio,
1062 3806 1093 3861 rt

134 3886 323 3973 consilium,
336 3889 370 3959 in
382 3891 511 3965 senibus
525 3892 592 3978 est;
609 3890 706 3989 quisi
722 3893 800 3963 rurlli
823 3892 958 3967 fuissent
968 3950 979 3985 ,
991 3900 1093 3971 nune

135 3996 275 4069 omnino
296 3998 446 4073 civitates
466 4002 577 4075 esle'nt.
603 4003 666 4076 Sed
683 4002 785 4074 redeo
807 4003 849 4072 ad
864 4022 1012 4078 rrmrtem
1029 4006 1092 4078 im·

132 4101 340 4196 pendentem.
355 4107 448 4203 quod
460 4107 542 4181 illud
553 4108 600 4181 esi
614 4107 741 4180 crimen
753 4108 943 4199 senecintis,
960 4136 1039 4187 cum
1056 4112 1091 4184 il·
1142 4170 1146 4177 .
