2340 4628
317 706 814 785 ursaonrcus.
922 709 1055 814 'arr

83 866 124 935 C.
144 865 315 941 CASSIUS,
338 872 440 942 Varus,
455 871 501 951 qui
521 871 622 945 Confirl
633 872 693 951 fuir
707 892 764 932 cunr
780 875 826 935 Μ.
848 872 969 934 Terentio
987 876 1054 935 Var-

130 972 196 1011 rone
214 949 326 1010 Lucullo
339 994 350 1021 ,
361 972 415 1009 non
430 953 463 1010 L.
483 952 590 1024 Gellio,
604 972 633 1011 ur
652 954 799 1011 Manutius
817 956 857 1011 ad
871 958 918 1016 Or.
927 976 976 1035 pro
993 960 1054 1016 Ra·

130 1033 184 1092 bn.
196 1032 274 1090 Perd.
287 1053 345 1113 cap.
367 1054 395 1108 7.
412 1033 504 1092 tradit.
528 1054 589 1091 nam
607 1033 713 1092 Gellius
728 1056 800 1093 anno
814 1034 872 1116 poll
885 1035 978 1113 conju!
984 1035 1053 1114 fuit.

131 1112 167 1176 L.
185 1110 288 1187 liiusil.
311 1132 357 1192 23.
374 1112 444 1190 Legi
457 1111 595 1175 Maniliae
612 1114 698 1175 favet.
720 1111 833 1176 Cluent
853 1136 901 1197 49.
919 1116 995 1176 Verr.
1016 1136 1027 1175 1
1042 1162 1052 1189 ,

131 1213 183 1274 ²3·
204 1194 235 1253 in
249 1193 328 1252 Verr.
351 1211 383 1273 3,
399 1215 447 1269 41.
471 1192 572 1254 consul
586 1214 611 1255 a.
637 1196 673 1257 U.
696 1194 877 1257 DCLXXX.
895 1196 989 1272 primo
1002 1214 1052 1255 an-

128 1292 174 1335 no
190 1286 338 1351 praeturae
352 1273 464 1337 Siculae
480 1275 583 1335 Verris.
603 1277 740 1335 finesic
757 1278 791 1356 est
800 1296 881 1359 parer
894 1277 972 1336 trium
989 1278 1054 1359 Cas:

123 1357 225 1435 fionrnr
241 1356 275 1416 C.
295 1356 325 1417 L.
348 1356 377 1413 ὁ
392 1360 428 1435 Q.
448 1358 495 1437 qui
511 1359 540 1415 dr'
553 1376 604 1416 erte
625 1378 679 1415 non
705 1358 828 1418 erudirer.

84 1436 125 1501 C.
139 1434 306 1506 ClSSlUS‚
319 1438 408 1517 frater
424 1440 461 1515 Q
480 1438 520 1497 Ca
552 1440 576 1508 ',
593 1437 654 1499 Art.
674 1456 710 1519 5,
729 1458 775 1497 2¹.
792 1439 830 1497 ad
843 1458 916 1519 quem
923 1438 1054 1520 fientepi-

125 1518 213 1601 flatu
233 1519 366 1578 Ciceronis
383 1521 416 1579 1.
429 1520 499 1579 XII.
519 1518 644 1597 &ipfius
661 1522 728 1578 duae
741 1518 807 1577 ibid.
830 1539 875 1579 ιι.
889 1538 933 1578 12.
951 1521 995 1593 is,
1007 1520 1054 1599 qui

134 1600 270 1675 Caesarem
287 1600 423 1679 interfecit.
444 1600 483 1659 ad
497 1600 561 1663 Div.
576 1601 611 1671 6,
627 1600 655 1661 6.
671 1598 783 1677 legatus
798 1597 936 1661 Caesaris.
956 1620 993 1677 7,
1008 1618 1022 1678 3
1022 1619 1054 1740 3

132 1678 278 1739 declamat
297 1680 376 1757 apud
406 1680 588 1743 Ciceronem.
613 1680 717 1755 8,10.
742 1678 872 1758 quaestor
896 1679 942 1742 ut.
966 1678 1054 1742 Cras

130 1779 226 1820 ronna
244 1761 361 1821 Pierios
375 1766 524 1843 pugnantis
541 1760 638 1824 Crasso
658 1761 808 1823 intersecio
827 1760 959 1838 reliquias
974 1780 1054 1822 exer-

130 1841 210 1901 citus
220 1839 344 1919 collegit.
363 1862 414 1924 15,
432 1864 475 1918 14·
493 1842 676 1922 Proquacstor
692 1843 737 1905 ut.
748 1840 843 1905 Craisr.
859 1842 969 1925 15‚16.
988 1842 1054 1936 Epi-

132 1941 237 1983 eureus
254 1922 294 1983 fit.
313 1925 387 1984 Nam
408 1923 494 1985 Cicero
511 1927 658 2006 Epicureos
673 1925 792 2005 appellat
810 1925 869 1983 eius
888 1945 974 1983 novos
985 1945 1054 1983 amr·

130 2026 189 2065 cos.
209 2022 265 2081 15,
284 2025 326 2079 19.
337 2004 532 2079 Ciceronem,
548 2006 719 2083 Epicureum
733 2004 852 2068 Catium
863 2016 980 2082 propter
993 2023 1054 2065 ma-

51 2092 58 2101 '
131 2084 197 2145 lum
212 2085 326 2145 dicendi
338 2105 427 2162 genus
441 2087 583 2147 ridentem
595 2132 604 2161 ,
615 2086 761 2146 ulciscitur
774 2087 831 2147 acri
844 2083 970 2164 epistola.
990 2086 1054 2149 Att.

130 2188 173 2244 7,
191 2187 237 2225 21.
252 2166 315 2226 trib.
332 2166 371 2244 pl.
392 2168 473 2228 initio
492 2168 559 2230 belli
575 2168 666 2228 civilis
683 2168 845 2230 Caesariani
859 2166 992 2245 Capuam
1004 2186 1053 2226 ve-

131 2249 177 2306 nit
189 2246 226 2306 ad
243 2246 402 2321 Consules,
417 2250 466 2325 qui
484 2270 520 2310 ex
539 2248 611 2309 urbe
630 2251 778 2325 fugerant,
800 2266 831 2309 ut
847 2249 970 2310 Romam
981 2247 1055 2309 redi-

133 2342 218 2397 rent,
239 2331 266 2387 di
285 2331 438 2405 pecuniam
452 2332 489 2391 de
506 2331 637 2391 santiiori
655 2331 763 2389 aerario
778 2330 931 2389 auser‘rent.

87 2412 124 2476 L
148 2408 312 2483 CrlSSlUS,
330 2411 424 2472 Plane.
446 2433 492 2485 24.
514 2408 700 2485 adolescens,
725 2408 898 2487 subscriptor
921 2408 1057 2470 Lateren-

132 2491 185 2560 lis,
206 2504 302 2550 contra
325 2491 490 2563 Plancium,
505 2489 651 2553 farniliaris
673 2491 830 2553 Ciceronis.
852 2488 924 2551 Phil.
951 2510 1054 2563 2,14.

132 2574 161 2633 ei
181 2571 326 2648 provincia
345 2574 429 2634 datur
451 2572 513 2649 posi
539 2573 658 2634 caedem
675 2570 804 2633 Caesaris
827 2574 855 2632 ἃ
871 2568 1052 2647 Quaestores.

130 2657 228 2714 Frater
247 2655 276 2713 C.
291 2655 385 2732 Caffir‘,
403 2655 449 2737 qui
470 2656 604 2737 Caefirrem
623 2652 761 2733 inierfeeit.
777 2650 847 2713 Phil.
866 2669 901 2731 3,
936 2651 990 2712 ‚Ei
1003 2651 1062 2710 tri·¹
1085 2673 1090 2681 ·

133 2730 268 2872 bunrfipl.
290 2752 413 2797 mortem
428 2735 580 2796 denuntiat
601 2733 645 2797 ut.
657 2734 820 2809 Antonius,
836 2732 855 2795 sr
869 2733 900 2793 in
912 2673 1052 2794 senatum

131 2834 199 2875 scm
223 2832 260 2879 et.

87 2898 124 2963 L.
150 2896 296 2961 caestus
319 2900 451 2973 sirvilii,
479 2901 557 2960 Verr.
580 2920 605 2974 1,
627 2917 672 2980 55.
689 2896 817 2970 Censor,
828 2914 906 2977 parer
916 2896 992 2969 eius,
1006 2896 1053 2975 qni

132 2978 214 3055 legem
236 2980 398 3039 tabellarium
415 2981 502 3040 uelit:
525 2980 620 3063 constal
633 3004 661 3041 a.
685 2984 723 3040 U.
749 2979 922 3040 DCXXVI.
942 2998 999 3036 cum
1016 2979 1051 3036 r.

135 3058 235 3118 Cinna.

88 3140 123 3201 I..
145 3137 312 3211 casatus,
335 3140 372 3199 ad
400 3140 469 3201 Her.
488 3163 527 3215 4,
552 3161 596 3221 34.
621 3143 721 3202 auctor
735 3139 806 3215 legis
825 3134 1003 3199 Tabellariac
1024 3136 1053 3193 st

132 3218 320 3280 severitlimus
335 3222 364 3281 in
382 3221 494 3281 iudiciis
512 3221 697 3292 exercendis,
717 3220 745 3282 S.
765 3217 848 3279 Rosc.
869 3235 912 3295 3ο.
931 3215 999 3271 unde
1018 3215 1053 3272 ab

131 3322 165 3359 eo
183 3301 283 3359 iudices
299 3302 414 3379 Ceffmni
430 3303 490 3361 diesi
500 3306 575 3384 sune.
597 3302 675 3362 Brut.
691 3320 737 3381 25.
752 3318 801 3376 ²7·
823 3294 918 3371 legem
934 3291 1053 3353 tabella·

81 3378 87 3389 '
131 3380 206 3439 riam
217 3380 282 3440 tulit
290 3383 400 3458 Lepido
410 3387 437 3443 ἃ
449 3382 586 3444 Mancino
596 3380 674 3442 cors.
683 3379 760 3441 Sext.
771 3378 819 3453 48.
834 3375 928 3452 legem
936 3371 1054 3434 tabella·

133 3461 206 3520 riam
225 3461 288 3523 fert.
309 3464 347 3523 de
368 3463 435 3539 ch.
457 3483 490 3543 3,
508 3464 551 3523 16.
568 3460 664 3539 legent
679 3456 940 3529 tabennenses,
953 3473 1057 3545 autaut¹

134 3542 305 3619 popularem
323 3560 449 3621 captans.
1061 3544 1066 3549 “

89 3624 125 3686 1..
146 3623 292 3688 casstus
304 3672 313 3700 ‚
323 3625 389 3688 Clu.
402 3624 447 3705 38.
456 3622 591 3697 Senator,
611 3624 737 3686 &iudex
746 3622 778 3685 in
788 3619 872 3682 causa
886 3617 1050 3698 Oppianici.

89 3702 125 3768 I..
145 3706 410 3781 sillSSlUS,Catil.
431 3725 462 3785 3,
480 3730 509 3779 4.
526 3725 577 3782 pro
596 3705 665 3766 Sull.
683 3728 708 3787 3.
728 3704 823 3765 socius
836 3700 986 3764 Catilinae:
993 3700 1054 3781 fuit

133 3788 286 3866 conpetitor
304 3788 437 3847 Ciceronis
454 3790 484 3846 in
505 3788 658 3870 Consulem.
680 3788 729 3848 An
742 3787 810 3845 'idem
817 3787 856 3865 fit
868 3804 927 3843 curn
943 3806 1053 3865 praece·

135 3868 232 3937 dente,
252 3870 370 3943 nescitur.

90 3951 134 4026 Q.
151 3941 317 4022 Cissus&
332 3950 470 4009 Lonrinus
480 3950 568 4029 frater
584 3950 662 4021 caii,
675 3949 827 4032 percuffirris
840 3947 969 4026 Caesaris.
989 3946 1049 4009 Aa.

131 4028 174 4099 6,
198 4030 226 4090 6.
246 4032 375 4107 quaestor
389 4004 524 4109 Pompeii
545 4033 576 4093 in
597 4032 732 4109 Hispania
753 4032 810 4094 linc
828 4030 910 4095 sorte.
931 4029 969 4089 ad
988 4029 1053 4089 Dia.

139 4110 184 4171 16.
205 4131 248 4172 11.
269 4113 347 4174 Trib.
365 4111 403 4189 pl.
422 4113 545 4175 Lentulo
564 4118 592 4176 se
614 4113 754 4177 lilarcello
774 4114 851 4181 Coss.
875 4131 942 4173 curn
961 4110 1054 4169 Anto.

133 4191 189 4253 nio
204 4194 232 4254 sc
249 4194 377 4258 Cutionc
399 4195 437 4255 ad
457 4195 609 4259 Caesarem
631 4198 828 4276 proficiscitur.
851 4198 914 4256 add.
935 4192 973 4252 ad
991 4192 1055 4254 Ate

804 4282 909 4373 Ee4
