2340 4628
148 674 221 745 ,ιο
308 678 312 685 ·
469 644 803 785 ¹nnnrrus

146 772 313 903 matrerni
335 825 528 902 liberalitate
543 826 580 901 in
599 826 758 903 sorores?
780 824 933 903 bonitate
954 824 993 903 in
1017 827 1074 905 fito

49 1012 54 1027 ,
146 940 270 1017 iustitia
283 940 318 1014 in
330 940 471 1015 ornnes?
484 941 564 1015 haec
576 963 660 1016 nora
669 940 744 1015 sunt
754 938 996 1041 vobisrqrrnrn
1006 964 1074 1019 eutr

93 1072 102 1109 ¹
147 1048 278 1127 civitati
290 1074 385 1124 cerus
406 1047 528 1140 fuerit,
540 1072 698 1126 moerore
717 1050 840 1129 fimetis
856 1052 1074 1129 indicatum

147 1161 242 1258 Quid
257 1161 357 1261 igitur
374 1160 464 1234 hunc
478 1184 665 1259 pauconrm
677 1185 843 1236 annorum
858 1163 1003 1239 acoeffio
1017 1164 1074 1239 inv

62 1327 67 1335 -
145 1297 184 1347 re
206 1271 388 1372 potuiffet?
413 1271 556 1348 senens
572 1272 661 1348 enim
680 1266 835 1373 quamvis
855 1272 1074 1375 nonfitffrv

146 1402 184 1458 ut
192 1385 330 1459 memini
338 1384 503 1458 Catonem
512 1409 603 1458 anno
612 1403 799 1483 antequam
811 1380 967 1459 niornrus
981 1382 1074 1473 εἴη

147 1520 224 1570 cnm
237 1514 270 1570 et
283 1522 360 1572 cunr
371 1486 531 1594 Scipione
543 1494 718 1585 differere,
731 1514 845 1568 tamen
857 1492 967 1571 aufert
979 1520 1052 1569 eam
1066 1520 1074 1555 r

13 1678 17 1687 ,
99 1636 130 1675 ιι
146 1600 324 1693 ridiratem‚
338 1604 373 1676 in
387 1630 453 1704 qua
466 1604 648 1676 etiamnum
660 1596 731 1676 erat
738 1603 863 1701 Scipio.
876 1602 1074 1696 Quamobre

146 1712 217 1788 vita
240 1714 375 1813 quidem
399 1714 473 1789 ralis
491 1712 576 1801 fuir,
599 1715 655 1788 vel
674 1713 827 1803 fortune,
848 1713 906 1787 vel
928 1712 1067 1812 glorie,.

99 1904 111 1927 .
145 1826 348 1925 nihilpoffet
370 1828 538 1903 accedere.
561 1826 730 1903 moriendi
746 1849 857 1901 aurem
873 1824 1074 1919 ,sensumoei

144 1937 224 2011 ritas
238 1936 379 2011 abstulit.
394 1962 465 2035 quo
479 1939 521 2009 de
533 1961 654 2035 genere
668 1935 785 2009 mortis
798 1935 935 2011 difficile
946 1934 1074 2010 difluei

144 2049 229 2148 quid
241 2050 395 2123 homines
407 2047 628 2143 suspicentur,
639 2048 769 2123 videtis.
795 2048 875 2122 Hoc
897 2062 1011 2123 tamen
1031 2070 1074 2120 ve

29 2192 35 2211 ·
146 2157 224 2232 licet
239 2158 370 2248 dicere,
387 2161 422 2231 P.
443 2157 613 2253 Scipioni,
628 2183 672 2230 ex
687 2157 799 2229 multis
816 2156 956 2246 diebus,
968 2180 1054 2256 quos
1072 2186 1074 2223 ;

145 2265 219 2337 'vita
238 2266 472 2338 celeberrimos
488 2265 744 2362 laetiffimosque
758 2265 883 2339 viderit
894 2319 906 2357 ,
918 2264 1010 2338 illurn
1024 2264 1074 2339 die

146 2373 357 2447 clarissimurn
379 2373 493 2461 fuisse,
508 2399 607 2459 curn,
621 2368 734 2443 senatu
745 2369 891 2456 dimiff0‚
905 2370 1073 2443 domurnr

145 2480 263 2558 durius
282 2482 324 2555 ad
336 2482 514 2580 vesperum
530 2480 608 2556 esta
625 2478 773 2578 patribus
787 2476 999 2576 conscriptis,
1016 2504 1074 2575 ap

62 2621 69 2638 ‘
147 2594 217 2690 puli
230 2595 375 2668 Romani
392 2595 490 2687 spciis
501 2617 535 2669 et
549 2592 692 2682 Latinis,
706 2592 813 2688 pridie
828 2617 930 2690 quarn
943 2590 1074 2669 exceffit

147 2706 236 2793 vita3
251 2729 288 2780 ut
304 2732 347 2779 ex
363 2727 431 2781 tam
450 2710 520 2784 alto
538 2706 704 2804 dignitatis
723 2705 827 2801 gradu
849 2704 890 2775 ad
910 2704 1074 2800 superosr

65 2806 74 2818 ¹
100 2838 129 2891 ¹³
148 2814 261 2887 deatur
280 2815 415 2911 potius,
436 2840 536 2914 quam
555 2817 597 2888 ad
619 2814 747 2887 inferos
769 2811 967 2911 perveniffe.
992 2816 1074 2911 Neqt

147 2922 238 2996 enim
262 2923 428 2997 affentior
445 2924 507 3012 iis,
528 2924 589 3020 qui
613 2923 695 2998 haec
722 2947 832 3020 nuper
856 2922 1012 2998 differere
1033 2947 1074 2999 co

49 3048 52 3053 “
147 3052 289 3132 petunt,
305 3060 382 3108 cum
400 3034 600 3134 corporibus
622 3033 718 3108 snmul
738 3035 867 3109 animos
887 3034 1045 3124 interire,
1061 3058 1074 3106 r

108 3163 133 3234 4
149 3173 216 3244 que
232 3146 348 3222 omnia
368 3164 477 3220 morte
491 3145 605 3220 deleri.
627 3147 704 3221 Plus
723 3146 810 3245 apud
824 3169 880 3219 me
896 3145 1074 3243 antiquom

148 3250 327 3333 auctoritas
340 3257 443 3349 valet,
456 3257 512 3333 vel
527 3256 716 3332 nostrorum
736 3259 921 3345 maiorum,
938 3258 1000 3356 qui
1018 3280 1074 3329 mo

148 3370 212 3444 tuis
223 3389 290 3442 tam
304 3368 456 3467 religiosa
469 3369 541 3441 iura
553 3369 753 3455 tribuerunr;
768 3369 862 3468 quod
876 3393 947 3442 non
968 3366 1074 3442 fecitte

148 3481 324 3574 profecto,
348 3480 372 3552 fi
396 3479 476 3552 nihil
501 3481 543 3553 ad
572 3506 632 3554 eos
654 3479 820 3578 pertinere
851 3476 1074 3555 arbitrarentrt

149 3587 206 3658 vel
224 3614 364 3675 eorum,
383 3590 442 3689 qui
460 3590 495 3662 in
521 3591 583 3664 hac
607 3610 693 3664 terra
715 3587 872 3681 fuerunt,
894 3610 1074 3687 magnamp

144 3697 325 3770 Graeciam
344 3697 361 3794 (
377 3724 460 3796 quae
478 3725 565 3773 nunc
587 3700 722 3798 quidem
746 3698 853 3772 deleta
869 3698 940 3789 est,
955 3716 1030 3772 tum
1049 3694 1074 3769 fl·

149 3802 268 3904 rebat)
295 3807 446 3884 institutis
469 3835 503 3886 er
521 3812 705 3910 praeceptis
728 3810 791 3882 suis
813 3802 1032 3884 erudierunrr
1056 3832 1074 3880 r

80 3914 84 3923 ’
148 3911 245 4004 eius,
264 3913 321 4012 qui
345 3917 510 4014 Apollinis
532 3920 672 3993 oraculo
692 3919 944 4017 sapientiffimus
963 3918 1012 3993 est
1029 3916 1074 3991 iur'

147 4041 255 4109 catus;
269 4023 327 4122 qui
344 4049 412 4097 non
426 4045 496 4102 tum
517 4032 607 4117 hoc,
622 4048 694 4102 tum
711 4031 808 4121 illud,
826 4051 865 4104 ut
877 4033 915 4104 in
927 4030 1074 4131 plerisqn

102 4220 120 4239 u
147 4127 203 4203 sed
218 4130 307 4208 idern
319 4132 449 4211 dicebat
461 4138 602 4237 semper,
616 4141 759 4216 Animos
772 4137 1074 4222 hominumeffedir
