2340 4560
713 301 721 317 a

511 384 518 413 l

312 606 810 685 nrsrourcus.
983 639 1051 714 ⁴45

129 768 233 832 omnia
252 767 408 830 hominum
426 769 509 831 causa
530 769 586 832 elle
602 780 669 832 nata
687 771 766 834 dixit.
785 771 870 836 Tusc.
896 796 929 850 1,
950 795 999 857 45.
1025 777 1056 837 in

129 852 215 913 omni
233 851 373 911 memoria
391 850 526 912 curiosus.
541 853 608 914 Nat.
626 850 662 914 D.
684 872 709 926 1,
731 871 775 934 34.
791 852 936 915 aZenone
952 856 1056 935 Epicu-

127 952 182 994 reo
197 930 361 1010 Chelrppue
385 932 498 993 dicitur.
523 955 561 1008 2,
580 933 628 1008 64.
655 934 749 1011 porcis
773 933 899 994 animam
923 956 975 1014 pro
1000 937 1056 1000 lale

132 1014 216 1076 dicit.
234 1014 272 1074 de
292 1012 357 1075 Div.
376 1034 411 1086 1,
431 1034 474 1096 19.
490 1013 609 1092 collegit
621 1013 840 1075 innumerabilia
855 1015 987 1088 oracula,
1001 1039 1056 1080 nec

132 1093 229 1156 ullum
248 1094 307 1154 fine
321 1093 466 1171 locuplete
478 1099 610 1169 auclore,
630 1111 680 1156 aut
701 1097 779 1159 teile.
796 1116 830 1170 2,
849 1117 893 1177 ¹5·
911 1098 1005 1160 statuit
1018 1102 1056 1162 ad

133 1174 258 1237 hostiam
277 1174 461 1252 deligendam
482 1177 588 1237 ducem
615 1176 672 1237 elie
692 1178 752 1237 vim
772 1176 918 1255 quandam
936 1178 1057 1241 sentien-
1147 1168 1153 1185 ’

132 1270 193 1318 tem
218 1269 305 1334 arque
321 1257 464 1331 divinam,
487 1276 561 1336 quae
578 1267 641 1318 toto
657 1256 777 1318 confusa
800 1258 911 1320 mundo
931 1260 974 1324 srt.
994 1260 1056 1323 Fat.

135 1362 163 1414 4.
185 1339 248 1399 eius
265 1336 367 1415 laquei.
383 1336 454 1400 ibid.
474 1360 516 1400 ιο.
529 1357 630 1399 omnes
650 1359 753 1401 nervos
764 1339 915 1401 contendit
926 1388 935 1413 ,
948 1353 982 1403 ut
995 1362 1058 1421 per·

133 1419 254 1481 suadeat
262 1466 281 1514 ‚·
294 1439 381 1514 omne
399 1419 517 1514 ἁξξωμω
532 1435 581 1481 aut
598 1438 698 1480 verum
716 1420 772 1482 elie
790 1419 974 1517 autulalsum.
998 1423 1060 1489 Off.

134 1522 174 1644 a
191 1499 707 1661 nantalzaadlla
720 1501 974 1646 eredidit
992 1505 1058 1647 ll.

138 1682 172 1735 1,
195 1682 221 1743 3.
240 1675 333 1724 totam
348 1664 385 1724 de
406 1663 581 1725 divinatione
600 1663 713 1726 duobus
734 1663 814 1724 libris
828 1664 981 1744 explicavit
996 1665 1059 1728 sen-

133 1745 277 1819 tentiam3
296 1764 355 1805 uno
372 1758 515 1823 praeterea
538 1747 575 1807 de
589 1744 730 1820 oraculis3
750 1764 809 1807 uno
831 1747 867 1807 de
885 1744 1012 1811 somniis.
1028 1772 1058 1822 2,

132 1827 184 1909 65.
201 1823 276 1886 liber
290 1827 359 1887 eius.
374 1826 436 1889 Fin.
455 1849 494 1902 4,
515 1847 540 1909 3.
556 1827 663 1906 scripsit
677 1825 882 1905 Rhetoricam‚
898 1827 947 1890 seu
962 1830 1059 1909 potine
1107 1872 1113 1885 .

132 1905 354 1967 obmutescendi
371 1920 470 1968 artem.

94 1986 348 2064 CHRYSIPPUS,
366 1991 427 2049 Art.
445 2009 483 2068 7,
502 2012 528 2051 2.
545 1988 663 2050 libertus
676 1990 825 2051 Ciceronis
840 1988 986 2069 literatus,
1005 1992 1060 2054 dis-

134 2069 215 2130 cedit
228 2089 245 2129 a
263 2067 324 2131 lilio
340 2068 501 2144 Cicerone,
521 2071 552 2131 ln
568 2071 732 2134 servitutem
746 2083 897 2151 propterea
913 2076 1061 2138 tetradius.

136 2173 192 2219 11.
212 2173 238 2211 2.
467 2181 487 2215 s

95 2231 402 2353 cauteriantium
413 2234 531 2327 Venti,
547 2238 592 2313 36.
607 2233 676 2293 servi
695 2253 811 2294 nomen.
828 2254 881 2313 pro
896 2234 979 2297 Rose.
990 2237 1059 2296 Am.

95 2312 413 2457 effigogllssrourfgs
437 2313 708 2478 {lllllallsClrllrlrlrlilas
724 2394 752 2452 in
769 2397 936 2476 Quaestum,
954 2397 998 2476 qui
1015 2418 1060 2455 eos

134 2497 256 2535 accurate
276 2480 441 2557 uerseqra'tar.

94 2557 159 2620 CN.
179 2550 339 2628 etet-tud,
361 2560 422 2620 Aa.
443 2581 475 2631 ι,
498 2556 539 2615 16.
564 2557 601 2615 ita
621 2553 784 2632 appellabat
804 2553 887 2632 plebs
905 2555 1059 2634 aliquando

133 2640 191 2701 Cn.
208 2638 396 2716 Pompeium,
420 2640 498 2699 aad
518 2638 601 2696 nimis
621 2637 794 2699 Ciceronem
821 2636 959 2713 diligeret.

97 2721 127 2785 Ι..
144 2720 311 2794 clerinti,
336 2721 385 2780 Or.
408 2745 443 2794 ε,
468 2744 489 2779 1.
512 2720 554 2780 lll.
571 2718 720 2780 Ciceronis
740 2736 865 2796 patruus.
898 2721 970 2778 Eius
981 2720 1061 2797 filius

136 2802 168 2864 L.
189 2802 294 2862 Cicero
311 2804 363 2875 ed,
383 2802 445 2861 Art.
469 2823 503 2872 1,
533 2820 557 2881 5.
578 2798 713 2877 patruelis
737 2800 893 2861 Ciceronis.
922 2801 993 2860 Eum
1012 2814 1062 2883 ap-

134 2884 219 2964 pellat
239 2875 373 2947 fratrem.
388 2885 427 2962 sc.
447 2883 608 2963 patruelem:
626 2882 694 2942 item
714 2881 774 2942 Fin.
795 2902 821 2961 5.

96 2966 140 3027 Μ.
160 2963 306 3025 cicino
328 2964 428 3025 Senex.
456 2966 505 3026 Or.
529 2986 563 3035 2,
588 2965 635 3026 66.
657 2967 703 3023 M.
727 2965 810 3022 Tullii
833 2964 966 3025 Ciceronis
984 2964 1062 3043 nostri

136 3068 216 3106 (wll-l.

98 3123 140 3188 dl.
163 3126 324 3199 CICERO,
345 3127 386 3186 lli.
403 3127 500 3203 filins,
525 3127 586 3185 Art.
617 3145 650 3195 r,
673 3136 798 3187 anates
817 3143 852 3195 ex
876 3123 1010 3184 Terentia
1029 3122 1062 3183 L.

136 3207 260 3270 Caesare
277 3211 303 3268 ἃ
318 3208 353 3267 C.
374 3208 474 3284 ligario
491 3206 567 3269 Coll.
587 3203 659 3265 l'hil.
680 3227 725 3277 ιο,
747 3207 773 3265 6.
794 3203 902 3277 legatus
923 3200 1008 3261 Bruti.
1034 3202 1062 3261 ei

137 3290 215 3363 lcaio
237 3289 264 3348 le
279 3290 416 3353 trulleia.
435 3309 519 3365 quarn
540 3286 648 3359 leuatus
667 3285 696 3345 L.
709 3283 770 3345 Piso
789 3283 909 3344 Antonii
929 3282 1061 3343 ducebat.

137 3372 175 3431 ad
192 3370 245 3430 lliv
281 3390 333 3449 13,
359 3392 398 3429 11.
420 3369 531 3428 Aedilis
549 3368 649 3443 Arpini
669 3367 717 3425 oc.
938 3400 941 3409 ·

97 3454 135 3529 Q.
154 3451 323 3524 CICERO,
349 3452 387 3508 iil.
404 3452 506 3529 stater,
524 3451 559 3509 de
577 3469 611 3508 eo
631 3445 751 3507 colleda
768 3445 866 3505 omnia
882 3444 1062 3520 diligente-ra

137 3534 271 3595 (lorado
284 3533 398 3608 (illudi.
416 3552 442 3607 p.
463 3532 527 3611 278.
547 3531 591 3590 ed.
607 3527 797 3609 Lips.Scripfit
815 3527 940 3587 Annales
951 3526 988 3587 ud
1000 3531 1061 3588 Att.

139 3615 384 3687 2,16.11·.,1⁶.

98 3697 137 3773 Q.
155 3683 313 3763 cletiro,
333 3656 373 3769 Q?
385 3695 473 3771 filius.
491 3692 561 3753 Phil.
585 3713 617 3771 3,
637 3715 664 3769 7.
679 3692 716 3750 ad
732 3690 795 3752 Div.
816 3711 868 3770 13,
890 3712 931 3750 11.
951 3689 1062 3750 Aedilis

137 3776 243 3852 Arpini
274 3777 334 3834 Art.
360 3797 387 3833 rr
403 3776 449 3839 .8.
473 3776 515 3835 Ν,
534 3773 706 3834 Ciceronem
721 3772 800 3849 apud
814 3770 964 3834 Caesarem
980 3791 1063 3833 accu-

137 3857 198 3930 sat,
221 3856 328 3915 nefarie
347 3877 411 3913 eurr
436 3877 470 3914 eo
492 3856 558 3929 aruit.

97 3939 212 4011 cur),
233 3938 288 3998 live
304 3940 445 4010 tillio,
461 3939 497 3999 ad
514 3934 577 3996 Div.
593 3938 630 4012 6,
648 3957 692 3998 20.
710 3934 828 3996 libertus
844 3934 999 4010 Toreanoi,
1013 3944 1063 3992 aut

138 4021 239 4079 aliena.

98 4102 255 4164 ululatu.
278 4102 335 4162 vid.
356 4101 457 4163 'filiius
474 4099 601 4164 Cimber.
