2340 4628
524 408 527 415 ι

887 486 892 495 ι

67 672 683 793 uuluosol’llrconull.
784 694 851 777 ²9¹

69 856 107 909 G.
119 840 171 908 lib.
188 866 218 910 2.
232 866 257 909 c.
273 832 318 910 ro.
335 840 454 928 Civir.)
482 834 659 911 Aeschines
673 836 857 913 Athenien·

67 947 345 1043 loquentiffimus,
368 974 445 1021 curn
463 946 859 1046 adolescens'nagoediu

67 1056 857 1154 ÷1‚rempublieamcapernvit3ernristodemum
944 1060 954 1107 ⁸

84 1167 164 1239 item
193 1168 381 1253 audorem,
405 1154 558 1240 maximis
584 1168 627 1241 de
651 1168 751 1243 rebus
771 1172 862 1265 pacis

73 1276 214 1375 legatum
240 1278 283 1349 ad
308 1276 498 1374 Philippum
528 1277 742 1353 Athenienses
765 1278 861 1377 saepe

68 1512 106 1565 G.
116 1498 169 1566 lib.
183 1524 214 1567 2.
224 1522 292 1587 cap.
307 1524 352 1567 ια.
368 1490 488 1590 Civit.)
502 1492 523 1533 ⁴
541 1491 674 1567 probris
685 1516 721 1569 et
732 1492 862 1571 iniuriis

67 1627 75 1671 ι
90 1600 264 1672 lubiedlam
282 1600 385 1671 vitam
399 1596 588 1695 famamque
601 1598 724 1671 habere
742 1600 864 1675 noluo«.-

71 1711 137 1805 pite
161 1706 258 1779 etiam
281 1707 393 1803 puniri
416 1706 622 1798 sancientes.,·
643 1708 708 1781 tale
728 1732 865 1785 carmen

69 1819 94 1891 n
114 1821 189 1917 quis
211 1818 355 1890 auderet.
506 1856 511 1861 ·
787 1822 794 1833 '

68 1953 118 2007 lG.
133 1938 185 2005 lib.
198 1964 229 2007 2.
243 1960 310 2028 cap.
326 1961 370 2029 ¹3·
386 1929 509 2030 civit.)
524 1934 545 1971 ⁴*
559 1930 649 2005 Cum
663 1948 768 2007 artem
781 1926 866 2009 ludi·

70 2068 232 2141 unamque
248 2062 351 2115 totam
365 2042 399 2114 in
414 2042 542 2138 probro
557 2042 740 2133 ducerent,
763 2068 870 2142 genus

68 2178 132 2225 urm
154 2178 224 2224 non
245 2154 350 2224 modo
370 2153 503 2223 honore
517 2152 642 2224 civium
657 2149 867 2248 reliquorum

68 2265 119 2337 led
140 2264 237 2337 etiam
263 2263 351 2337 tribu
372 2263 505 2337 moveri
526 2266 698 2338 aratione
718 2264 868 2340 censorin

68 2392 98 2449 rt.

68 2505 115 2557 ro.
128 2484 179 2556 lib.
199 2510 231 2554 2.
247 2505 315 2577 cap.
336 2506 381 2573 ¹4·
400 2479 519 2577 Civ'ir.)
538 2480 594 2553 Ad
608 2504 696 2577 quos
719 2502 795 2556 cunr
808 2508 869 2559 ac·

68 2596 193 2667 clamor
210 2613 243 2665 et
260 2591 457 2688 approbatio
480 2591 623 2687 populi,
644 2590 734 2689 quasi
757 2594 870 2692 magni

68 2732 81 2777 r
107 2725 140 2777 et
166 2701 318 2800 sapientis
339 2698 505 2799 magistri,
524 2724 606 2798 quas
625 2700 673 2773 illi
697 2702 873 2775 obducunt

77 2818 91 2890 l
115 2842 199 2913 quos
218 2815 380 2890 invehunt
401 2815 537 2889 metus?
559 2838 643 2913 quas
665 2806 874 2895 inflammant-

68 2936 134 3002 tes?

77 3036 233 3136 Fingere.)
249 3039 321 3135 Ego
335 3053 422 3111 vero
436 3035 580 3128 eodem,
594 3058 665 3135 quo
678 3030 732 3108 ille
749 3034 876 3107 llorne·

69 3150 202 3221 imitunr
229 3149 387 3231 coronis,
409 3172 442 3221 et
464 3147 650 3219 delibutum
671 3142 874 3239 unguentis,

69 3288 99 3333 ur
121 3285 160 3332 ea
182 3261 288 3343 urbe,
310 3284 412 3355 quam
433 3258 500 3353 ipse
521 3256 580 3327 srbi
600 3252 705 3348 fingit.

69 3369 199 3439 :Eulid
211 3365 287 3462 .30·)
301 3367 456 3460 Cumque
472 3360 553 3434 nihil
564 3379 632 3431 tam
643 3359 879 3453 incorruptum

69 3499 125 3551 *tat
141 3477 176 3547 in
198 3475 392 3572 republica,
411 3496 513 3570 quarn
536 3464 754 3562 suffragium,
779 3488 881 3563 quarn

69 3612 96 3658 r:
114 3611 182 3657 non
197 3582 366 3681 intelligo,
381 3606 465 3669 cur,
486 3580 597 3676 quiea
613 3574 752 3673 pecunia
772 3600 882 3648 cortu·

69 3722 167 3769 roena
190 3696 308 3792 dignus
338 3692 404 3775 srt;
438 3690 495 3788 qui
518 3686 733 3787 eloquentia,
753 3684 885 3758 laudem

71 3823 130 3877 rat.
166 3804 251 3874 Mihi
264 3802 398 3899 quidem
413 3799 479 3869 hoc
492 3794 564 3892 plus
578 3793 655 3866 mali
671 3792 779 3867 facere
790 3793 885 3866 vide·

82 3912 255 4001 oratione,
270 3937 371 4010 quam
386 3910 444 4005 qui
458 3906 567 4004 pretio
580 3905 722 3979 iudicem
739 3926 888 3978 cornam-

69 4024 126 4096 rod
151 4023 291 4120 pecunia
319 4040 536 4116 corrumpere
560 4016 761 4113 prudentem
786 4035 889 4085 nemo

85 4133 229 4207 dicendo
248 4128 368 4225 potest.

636 4221 669 4293 T
695 4244 715 4293 ι
