2340 4628
286 720 789 797 nrsroarcus.
971 748 1036 823 trs

111 901 191 945 cero.
212 880 291 944 brut.
312 878 363 961 47.
390 882 545 944 mediocris
562 893 667 945 orator.
692 874 810 944 Comel.
830 897 854 946 1.
876 880 968 947 homo
984 885 1039 949 diis
1119 926 1127 934 ·

113 963 316 1042 nobilitatique
334 962 450 1034 invisus.
468 963 582 1046 causam
596 962 660 1042 lege
675 963 759 1025 Varia
773 963 855 1025 dixit.

70 1045 130 1110 Cn.
147 1038 342 1115 POMPEIUS
358 1048 413 1106 Ma
431 1067 503 1120 nus,
521 1049 570 1107 Cn.
584 1049 617 1107 f.
628 1048 704 1106 Sext.
724 1048 764 1106 N.
780 1046 849 1107 Au.
872 1066 895 1106 ι.
914 1046 945 1107 in
957 1048 1038 1111 Verr.
1160 1088 1161 1092 =

119 1146 165 1189 ro.
176 1124 262 1187 ludos
278 1125 392 1187 votivos
403 1066 462 1187 (iat.
478 1125 582 1189 Manli.
595 1124 752 1203 4.„bellurn
766 1126 960 1188 Sertorianum
971 1147 1040 1190 con-

114 1205 187 1270 iicit.
207 1206 287 1267 Verr.
307 1225 341 1290 ς,
363 1229 389 1268 2.
414 1207 473 1269 dux
491 1221 591 1268 contra
604 1208 742 1287 fugitivos
756 1209 786 1268 in
802 1205 906 1269 Sicilia.
925 1210 992 1271 Αέὶ.
1014 1232 1039 1274 1.
1104 1242 1116 1264 .

115 1287 314 1367 inVerr.15.
335 1288 372 1349 de
395 1289 534 1369 potestate
555 1288 702 1350 tribunitia
725 1288 898 1351 restituenda
916 1288 980 1353 fert.
1000 1313 1042 1371 pr.

114 1369 241 1432 Munilia
254 1371 318 1451 Leg.
328 1386 377 1429 tot.
392 1391 449 1429 eum
462 1392 551 1430 omues
557 1373 661 1454 peffet‘lr'
674 1372 840 1454 Imperatoris
856 1392 976 1432 nanterus
992 1373 1041 1430 im·

111 1452 186 1535 plere
202 1451 359 1530 ostenditur,
375 1450 446 1510 &de
463 1452 538 1510 rebus
555 1453 633 1530 gestis
648 1453 705 1511 er'us
726 1455 824 1533 agitur.
854 1451 930 1530 Lege
944 1451 1042 1515 hioni-

115 1529 188 1594 nitra
209 1529 260 1608 ipsr
281 1528 391 1592 bellum
418 1531 651 1594 Mithridaticum
673 1533 872 1594 committitur.
895 1534 972 1596 Sext.
995 1553 1042 1612 27.

114 1613 179 1675 eius
193 1610 224 1671 in
242 1609 399 1690 Tigranem
415 1611 526 1677 lenitas.
541 1612 635 1676 Flacc.
658 1610 705 1674 28.
727 1612 933 1694 Hierosolymis
954 1614 1045 1692 captis

114 1691 157 1760 nil
185 1711 220 1754 ex
236 1691 306 1753 fano
324 1694 427 1773 attigit.
449 1698 512 1755 Att.
539 1715 572 1768 ι,
593 1716 637 1771 ¹4·
652 1694 745 1773 prima
766 1695 912 1757 redeuntis
929 1715 945 1756 e
966 1693 1043 1756 bello

114 1771 320 1839 Mithridatico
341 1774 445 1836 concio
464 1775 573 1836 nemini
595 1775 741 1852 probatur.
758 1775 829 1838 ibid.
850 1797 896 1837 12.
921 1776 981 1838 eius
1000 1776 1043 1836 di·

114 1855 246 1918 vortium
272 1874 338 1916 eum
366 1856 466 1919 hlucia
487 1856 632 1936 probatur.
649 1856 719 1919 ibid.
742 1879 785 1940 19.
809 1856 846 1919 ad
864 1855 1046 1936 rogatioriem

115 1934 211 2002 Fluvii
225 1936 362 2015 agrariam
377 1937 530 2001 incumbit.
545 1936 616 1999 Phil.
637 1961 669 2010 2,
690 1960 734 2001 ro.
751 1957 848 1999 euma
863 1938 1064 2001 submodio·-

114 2039 156 2080 ne
171 2035 240 2077 cum
257 2017 374 2079 Caesare
385 2033 501 2080 revocat
521 2019 631 2082 Cicero.
647 2023 704 2081 Art.
726 2042 762 2092 2,
783 2021 829 2082 16.
847 2020 918 2081 dicit
933 2018 961 2082 se
975 2020 1047 2081 Cae-

115 2098 189 2162 saris
203 2097 281 2176 leges
294 2098 433 2177 probare,
451 2101 578 2162 adiubes
591 2099 684 2167 insum
696 2101 834 2179 praestare
850 2121 868 2161 o
890 2118 990 2162 ortere.
1003 2099 1043 2161 ib.

116 2177 459 2341 sistamur
476 2181 797 2341 {lutumst
813 2121 1047 2340 osso

262 2309 269 2321 .
352 2309 361 2337 ,
799 2311 805 2324 .
891 2313 897 2325 .
957 2311 965 2325 .
1033 2303 1046 2318 .

117 2343 209 2406 dibus
228 2340 374 2404 Ciceronis
388 2343 508 2406 invidet.
531 2366 565 2415 2,
588 2361 613 2419 3.
641 2343 784 2421 Epicrates
806 2344 920 2405 dicitur.
940 2368 976 2416 2,
1002 2364 1049 2417 ¹7·

118 2421 296 2490 Alabarches
311 2437 439 2486 vocatur.
463 2446 538 2506 2‚9.
555 2422 823 2501 Hierosolymarius.
845 2447 880 2498 2,
899 2446 942 2487 12.
955 2426 1049 2501 Quin-

119 2505 272 2568 decimvir.
296 2506 365 2570 Har.
380 2504 462 2585 Resp.
489 2525 535 2586 23.
552 2525 567 2565 a
589 2504 692 2567 Clodio
715 2505 892 2582 vituperatur
906 2506 943 2565 ad
958 2524 1052 2583 popu·

119 2585 196 2649 lum.
215 2587 292 2649 Toto
311 2607 403 2667 paene
418 2585 564 2647 tribunatu
581 2585 642 2646 eius
656 2584 774 2665 publico
794 2586 894 2645 caruit.
912 2587 993 2663 Quir.
1018 2605 1048 2662 p.

120 2669 200 2732 Red.
216 2668 276 2729 eius
291 2669 322 2729 in
336 2671 477 2731 Cicerone
498 2668 661 2729 revocando
679 2667 793 2746 insignis
815 2685 911 2746 opera.
932 2667 969 2727 ad
985 2665 1052 2728 Div.

123 2771 161 2824 r,
183 2770 207 2810 1.
227 2751 352 2811 creditur
369 2749 568 2810 Ptolemaeum
586 2749 724 2809 reducere
742 2746 826 2812 velle.
849 2746 919 2809 ibid.
938 2747 967 2809 8.
992 2747 1051 2810 Mi-

119 2830 223 2892 ionem
243 2831 402 2893 defendens
419 2831 551 2892 convicio
569 2829 671 2909 populi
687 2831 815 2893 latiatur.
843 2829 928 2894 offic.
951 2851 986 2904 2,
1005 2828 1051 2890 16.

118 2909 402 3058 Eagnificentillima
420 2933 542 3056 puppem
559 2912 621 3056 eiup¹
632 2912 663 3009 in
681 2911 811 3056 secupdp·
825 2907 993 3055 Cpinsulapp.
1015 2910 1055 3053 {pil

162 3012 190 3053 v.
278 3015 302 3055 r.
331 3013 393 3055 erus
431 3014 600 3057 ormam
624 3013 650 3054 cr
690 3016 721 3056 m
766 3013 848 3055 orca
872 3013 928 3056 one
982 3011 1014 3054 ea

103 3014 440 3148 ‚dati‚⁷hescribuntur
465 3079 492 3138 lit
516 3015 749 3137 sohtemnlrntur.
778 3074 838 3138 Off.
862 3098 898 3146 2,
919 3095 966 3152 r7.
991 3074 1054 3134 eius

121 3155 252 3231 theatra,
266 3157 411 3235 porticus,
426 3154 802 3233 templareprehenduntur.
823 3156 860 3216 ad
871 3154 936 3216 Div.
953 3153 988 3228 8,
1009 3174 1056 3216 rr.

120 3237 188 3300 eius
197 3235 339 3299 secundus
350 3236 521 3300 Consulatus
534 3237 692 3314 exagitatur
705 3256 721 3296 a
733 3235 765 3297 C.
777 3235 902 3297 Curione
912 3279 920 3308 ‚
930 3233 995 3294 trib.
1010 3232 1052 3311 pl.

121 3321 184 3383 titt.
198 3319 234 3392 6,
254 3338 278 3380 r.
296 3318 381 3381 Dom.
397 3340 425 3400 7.
447 3318 473 3378 ei
492 3316 639 3378 Ciceronis
654 3315 791 3377 sententia
809 3336 853 3378 res
867 3314 1055 3376 frumentaria

124 3399 320 3462 committitur
347 3418 415 3461 cum
439 3398 571 3478 imperio.
596 3398 633 3460 ad
652 3397 717 3460 Diu.
742 3397 777 3472 8,
794 3397 822 3460 8.
844 3398 881 3458 de
899 3396 1055 3474 provinciis

124 3478 259 3544 Caesaris
269 3481 389 3543 statuere
399 3499 459 3541 non
472 3479 545 3543 vult.
561 3482 625 3542 Att.
645 3499 699 3551 10,
711 3478 740 3541 8.
755 3476 970 3543 Themistocleo
983 3497 1054 3538 con.
1095 3541 1100 3549 ,

123 3560 190 3626 srlio
208 3562 308 3625 utitur.
323 3563 360 3624 ad
374 3561 441 3623 Diu.
463 3561 499 3637 8,
520 3581 566 3643 η.
583 3559 733 3623 stomacho
744 3561 785 3623 ita
799 3558 942 3622 fastidioso
955 3563 982 3622 ta
993 3557 1055 3620 lan-

127 3657 238 3724 guente
262 3644 321 3717 est,
336 3656 391 3718 ut,
413 3644 492 3722 quod
511 3642 563 3704 fibi
583 3642 714 3723 placeat,
732 3642 856 3719 reperire
880 3661 939 3702 non
958 3639 1054 3719 polsrt.

128 3725 225 3788 Attic.
250 3746 289 3804 7,
315 3746 361 3785 rr.
382 3723 624 3804 reprehenditur,
640 3723 720 3802 quod
740 3721 861 3785 Caesare
885 3723 1057 3784 adveniente

128 3803 237 3868 urbem
263 3803 419 3884 reliquerit.
448 3805 486 3866 ad
506 3804 573 3866 Div.
594 3827 635 3880 4,
654 3827 684 3882 7.
714 3804 815 3881 copiae
832 3804 893 3865 eius
916 3805 944 3865 dc
968 3822 1059 3884 genus

96 3892 102 3900 '
132 3887 277 3949 exercitus
297 3906 358 3949 non
380 3885 539 3965 probantur
564 3886 608 3946 Μ.
629 3883 770 3946 Marcello
786 3884 969 3947 &Ciceroni
995 3885 1060 3948 Att.

131 3966 174 4042 8,
190 3990 217 4028 2.
238 3968 319 4029 initio
335 3969 398 4029 beili
425 3965 523 4028 Civilis
540 3964 581 4025 nil
595 3966 655 4044 agit
664 3965 842 4044 sapienter&
857 3965 984 4039 sortiter,
996 3983 1060 4024 om·

130 4047 182 4112 nia
199 4060 300 4111 contra
316 4047 466 4113 Ciceronis
483 4046 642 4108 confilium.
662 4045 813 4110 Caesarem
829 4045 916 4120 aluit,
931 4045 1010 4106 auxit
1029 4047 1057 4105 dt

130 4130 344 4194 armavitaltt.
361 4152 396 4212 9,
418 4148 462 4211 13·
485 4127 527 4189 de
541 4145 612 4206 pace
630 4127 718 4188 mittit
735 4128 773 4190 ad
792 4125 953 4190 Caesarem.
971 4123 1059 4188 Tusc.

136 4231 174 4296 3,
195 4212 243 4279 26.
265 4211 336 4293 fuga
350 4210 413 4292 post
426 4229 555 4293 pugnarn
570 4207 771 4278 Pharsalicam.
793 4208 832 4270 ad
847 4205 913 4271 Diu.
937 4225 993 4282 η,
1012 4227 1058 4283 14.
