2340 4628
14 578 170 739 'jfl
364 626 847 711 ruucuaurn

96 810 354 901 praeparentur}
368 818 440 869 turn
458 791 582 883 etiam,
600 816 677 865 cum
697 790 808 866 vietus
825 808 861 867 et
880 790 984 866 cultus
995 788 1046 863 lut·

98 937 214 987 uranus
230 934 321 1007 non,
340 907 390 981 uti
412 903 514 994 feris,
528 902 563 977 in
582 902 786 1001 propatulo,
802 926 844 974 ac
863 899 1048 975 filvellribut

97 1021 204 1111 locis,
223 1018 280 1093 fed
297 1015 392 1089 domi
410 1012 470 1087 fub
493 1013 581 1086 tello
597 1010 803 1087 accurandis
825 1010 908 1087 ell'et
920 1008 1047 1099 ,neces-

99 1134 217 1219 sarium
246 1130 334 1221 fuit,
365 1126 559 1201 alterutrum
592 1123 675 1199 foris
703 1124 763 1198 lub
792 1125 854 1198 dio
886 1124 977 1213 elle,
999 1120 1047 1219 qu'

97 1248 215 1323 labore
241 1262 275 1317 et
303 1239 459 1315 industria
488 1257 722 1336 compararem
752 1238 862 1329 intus,
890 1236 951 1336 qui
969 1232 1047 1309 tedis

97 1352 295 1428 reconderet
307 1368 403 1447 atque
418 1344 617 1429 custodiret:
636 1344 660 1416 ft
677 1343 813 1443 quidem
830 1346 888 1419 vel
902 1342 1048 1430 rusticari,

98 1462 158 1537 vel
170 1460 349 1557 navigate,
362 1455 419 1531 vel
430 1456 531 1528 etiam
545 1455 613 1527 alio
626 1478 745 1552 genere
760 1452 926 1551 negotiari
939 1450 1048 1529 necesse

98 1587 188 1658 erat,
202 1585 238 1641 ut
255 1565 380 1663 aliquas
399 1562 569 1637 facultates
589 1562 844 1662 acquireremus.
872 1562 963 1635 Cum
976 1582 1047 1637 veto

98 1693 229 1773 paratae
251 1696 303 1746 res
325 1672 384 1745 fub
403 1674 524 1747 tedium
541 1671 643 1746 ellent
661 1669 860 1770 congestae,
879 1672 980 1745 alium
994 1668 1046 1743 elle

98 1781 276 1881 oportuit,
303 1782 361 1882 qui
382 1802 417 1856 et
441 1781 543 1855 illatas
562 1780 767 1870 custodiret,
784 1800 819 1854 et
838 1800 952 1855 cetera
972 1806 1045 1856 cou-

97 1888 212 1963 liceret
242 1912 375 1985 opera,
408 1914 493 1988 quae
517 1889 612 1963 domi
639 1888 801 1961 deberent
829 1886 1047 1963 administrati.

98 2021 175 2070 nam
200 2018 233 2070 et
259 1996 396 2095 fruges,
426 2016 460 2071 et
481 2018 591 2073 cetera
612 1998 768 2072 alimenta
788 1998 956 2073 terrestria
977 1996 1047 2071 indi-

98 2106 219 2205 gebant
251 2107 368 2194 tell03
398 2126 432 2178 et
460 2108 580 2179 ovium
610 2128 863 2205 ceterarumque
892 2108 1045 2205 pecudum

97 2216 210 2288 foetus
228 2237 325 2313 atque
348 2216 473 2288 frullus
497 2215 605 2290 clauso
628 2215 843 2290 custodienda
861 2240 977 2305 erant;
996 2238 1045 2288 uec

97 2324 206 2397 minus
224 2324 348 2423 reliqua
367 2325 533 2413 utenfilia,
556 2327 674 2424 quibus
693 2344 747 2399 aut
769 2326 869 2398 alitur
883 2327 1045 2399 hominum

96 2463 217 2539 genus,
229 2456 284 2510 aut
303 2438 401 2510 etiam
424 2439 596 2513 excolitur.
622 2441 735 2531 Quare
756 2462 833 2511 cum
849 2458 883 2511 et
899 2462 1046 2537 operam,
1085 2474 1087 2517 ;

97 2573 131 2623 et
152 2550 354 2649 diligentiam
368 2574 404 2622 ea
417 2599 428 2636 ‚
444 2575 530 2647 quae
547 2547 781 2646 proposuimus
794 2600 805 2637 ,
817 2546 1046 2627 defidetarent‚

96 2684 159 2732 nec
189 2662 307 2757 exigua
333 2684 411 2733 cura
441 2659 524 2732 foris
553 2660 824 2758 acquirerentur,
853 2684 941 2757 quae
967 2651 1046 2730 domi

95 2764 255 2837 custodiri
279 2784 477 2861 oporteret;
498 2768 593 2856 iure,
615 2791 652 2840 ut
671 2766 760 2855 dixi,
784 2793 804 2841 a
824 2788 942 2840 natura
963 2788 1045 2839 com·

94 2893 206 2971 parata
219 2875 265 2947 est
275 2900 378 2972 opera
392 2878 538 2949 mulieris
553 2880 595 2949 ad
609 2876 823 2952 domesticam
839 2878 1044 2976 diligentiam,

93 2981 162 3053 viri
176 3001 284 3054 autem
298 2984 339 3053 ad
348 2984 618 3059 exercitationem
634 2987 797 3061 forensem
810 3006 1045 3061 etextraneam·

95 3091 207 3189 itaque
236 3092 312 3166 viro
346 3095 472 3168 calores
499 3115 532 3169 et
564 3095 688 3194 frigora
718 3096 959 3195 perpetienda,
984 3116 1045 3169 tum

93 3202 192 3277 etiam
207 3204 324 3279 itinera
342 3222 375 3280 et
393 3206 521 3282 labores
544 3211 632 3306 pacis
649 3236 687 3282 ac
702 3210 775 3281 belli
790 3263 801 3299 ,
822 3209 858 3280 id
877 3208 950 3296 est,
965 3204 1045 3280 tufn'·

93 3314 259 3403 cationis,
288 3337 322 3390 et
354 3316 541 3391 militarium
573 3319 838 3418 stipendiorum,
870 3319 1044 3394 distribuit:

93 3424 224 3497 mulieri
248 3428 427 3525 deinceps,
449 3431 541 3526 quod
562 3431 718 3504 omnibns
743 3431 794 3503 his
814 3434 914 3511 rebus
934 3431 1045 3503 fecerat

93 3528 297 3623 inhabilem,
317 3537 495 3611 domestica
514 3541 645 3638 negotia
666 3539 808 3613 ctat-anda
831 3541 980 3613 tradidit.
1011 3540 1044 3608 Et

93 3643 252 3736 quoniam
266 3648 353 3720 hunc
368 3650 477 3722 sexum
493 3650 659 3725 custodiae
673 3672 705 3724 et
719 3652 907 3750 diligentiae
923 3652 1043 3748 affrgna·

93 3771 211 3843 verat,
237 3756 365 3831 idcirco
383 3762 586 3835 timidiorem
605 3763 772 3853 reddidit,
792 3788 893 3862 quam
911 3762 1043 3838 viriless·

94 3879 171 3928 nam
193 3880 298 3932 metus
315 3866 493 3960 plurimum
514 3869 643 3943 confert
662 3873 703 3942 ad
725 3871 930 3969 diligentiam
945 3867 1041 3944 custo·
1084 3930 1087 3955 ι

93 3962 229 4084 ‘flendi‘
248 3972 353 4064 Quod
370 3990 479 4050 autem
495 3980 622 4053 necelle
642 4002 713 4055 erat
727 3977 812 4053 foris
832 3999 868 4052 et
887 3980 1041 4078 inaperto

92 4073 219 4151 nuum
230 4086 461 4181 quaerentibus
480 4113 718 4191 nonnunquam
736 4090 891 4166 iruuriam
910 4088 1040 4191 propvl·
