2340 4628
52 39 1095 323 .-

165 662 214 737 62
310 726 313 733 .
419 611 912 735 morereris
1051 720 1058 731 .

163 841 202 897 ur
221 822 386 921 appetitus
402 822 524 897 rationi
547 828 682 919 parem
695 818 863 918 quo-nihil
886 817 936 893 est
954 819 999 893 rd
1017 804 1095 893 offic

164 930 391 1007 conservanda
414 928 726 1003 accommodatiusr
744 929 865 1003 deinde
883 975 897 1017 ‚
914 950 953 1003 ut
979 927 1095 1003 ιιιὶιιιιι

163 1058 465 1138 vertatur,quanra
479 1039 533 1111 illa
547 1063 602 1112 res
622 1037 679 1127 fir,
696 1046 796 1139 quam
813 1038 945 1113 efficere
964 1038 1095 1113 velim

163 1167 200 1223 ut
216 1150 447 1240 nevemaior,
460 1171 546 1222 neve
564 1148 700 1239 minor,
717 1173 796 1225 cura
809 1164 844 1222 et
855 1172 959 1245 opere
972 1148 1095 1245 suscipi

162 1279 237 1353 rur,
255 1284 358 1360 quarn
373 1257 470 1345 causa
488 1254 654 1355 pollulerr
679 1258 815 1333 tertium
833 1257 903 1345 eil,
917 1255 934 1355 [
948 1279 988 1332 ιιι
1004 1282 1095 1331 cave

163 1367 285 1467 mus,]
302 1385 340 1440 ut
358 1392 414 1457 ea,
436 1389 522 1465 quae
543 1367 711 1461 pertinent
733 1366 775 1439 ad
794 1367 961 1441 liberalem
981 1365 1095 1464 speeie

93 1548 98 1553 .
161 1499 197 1554 er
213 1478 425 1576 dignitatem,
441 1475 612 1547 moderatu
632 1473 707 1548 lint.
727 1477 853 1549 Modus
873 1492 985 1549 autem
997 1475 1047 1549 est
1058 1500 1095 1574 op

160 1591 281 1678 timuis,
298 1586 401 1660 decus
419 1583 527 1681 ipsum
546 1601 679 1671 tenere,
698 1584 740 1657 de
760 1610 833 1683 quo
850 1604 927 1659 ante
948 1586 1095 1665 diximrrr

160 1720 224 1768 nec
234 1691 392 1792 progredi
404 1689 549 1789 longius.
563 1691 695 1765 Horum
717 1708 829 1767 tamen
842 1693 944 1767 trium
964 1693 1095 1792 praesta

159 1802 317 1877 tiffimum
332 1802 400 1892 eil,
412 1801 595 1898 appetitum
614 1802 846 1900 obtemperare
858 1804 992 1879 rariori.
1081 1830 1086 1843 ·

95 1941 144 2011 40
209 1911 432 2009 Deincepsde'
448 1910 570 1986 ordine
586 1930 720 2002 return,
736 1929 974 2011 uremponun
994 1936 1095 2012 oppot

98 2021 300 2102 142.tunitate
317 2022 498 2099 dicendum
516 2020 575 2094 est.
594 2023 667 2096 Hac
688 2038 799 2096 autern
815 2022 948 2098 scientia
969 2023 1095 2099 contin

30 2208 38 2221 κ
159 2148 213 2204 rur
225 2156 265 2204 ea
273 2184 285 2223 ,
293 2157 402 2230 ‘quarn
413 2131 535 2203 Graeci
552 2144 695 2225 ιυτιξιιν
713 2133 911 2218 nominanr;
928 2156 999 2204 non
1020 2132 1095 2207 hoec

157 2262 261 2337 quarn
283 2240 542 2337 interpretamur
556 2235 773 2323 modestiam,
790 2260 860 2336 quo
875 2237 912 2310 in
926 2238 1036 2311 verbo
1051 2264 1095 2313 nu

156 2349 220 2420 dus
242 2346 326 2421 inest
345 2348 429 2423 :sed
452 2347 508 2420 illa
534 2345 582 2420 est
609 2361 755 2443 ιυτιιξιι,
779 2350 814 2421 in
841 2372 907 2448 qua
930 2347 1095 2447 intelligin

156 2457 284 2531 ordiris
302 2457 524 2532 conservatio.
547 2460 680 2556 ltaque,
701 2481 739 2532 ut
757 2458 896 2532 eandem
915 2482 979 2533 noc
998 2461 1095 2534 mode

155 2565 248 2640 stiam
270 2568 492 2666 appellemus,
509 2566 554 2641 fic
568 2567 725 2643 definitur
744 2596 763 2643 a
782 2568 927 2659 Stoicis,
946 2589 984 2641 ιιι
1001 2569 1095 2643 modi

154 2675 214 2749 llia
239 2675 278 2751 fit
302 2678 437 2754 scientia
467 2681 587 2753 earum'
602 2703 742 2771 return,
766 2704 853 2777 quae
880 2691 1041 2776 agentur,
1065 2705 1095 2751 ar

154 2786 328 2877 dicentur,
349 2787 430 2862 loco
454 2788 514 2861 suo
535 2787 820 2863 collocandorum.
848 2790 965 2887 itaque
986 2789 1095 2863 viden

152 2895 270 2967 eadem
289 2895 342 2968 vis
359 2895 488 2968 ordinis
506 2914 541 2969 et
553 2895 786 2972 collocationis
805 2899 889 2973 sore.
910 2901 1000 2972 Nam
1014 2887 1095 2975 etor

153 3007 267 3081 dinem
285 3005 329 3079 fic
354 3004 537 3095 deliniunt,
555 3008 838 3104 compofirionern
858 3034 972 3084 rerum
988 3011 1095 3108 aptis«

152 3116 415 3190 accommodatis
431 3116 535 3190 locis:
558 3116 671 3190 locurn
688 3139 798 3196 autem
812 3119 972 3207 allionis,
991 3143 1095 3219 oppor

152 3225 327 3299 runitatem
349 3225 511 3325 temporis
532 3225 598 3299 elle
619 3226 753 3301 dicunt:
778 3248 909 3326 tempus
928 3251 1042 3303 aurern
1062 3255 1095 3306 ac

152 3336 256 3411 tionis
273 3356 530 3437 opportunum,
549 3339 677 3414 Graece
697 3376 848 3437 eumpse,
870 3341 985 3415 latine
1004 3342 1095 3441 appel

151 3442 238 3519 lanu
256 3447 383 3547 occasto.
396 3448 442 3522 lic
464 3447 519 3536 fit,
536 3472 575 3523 ur
592 3450 753 3524 modestia
772 3450 877 3541 haec,
895 3476 995 3550 quam
1012 3454 1058 3525 ira
1070 3453 1095 3525 ir

150 3572 381 3652 terpretamur‚
394 3581 432 3631 ut
447 3559 538 3652 dixi,
555 3560 691 3638 scientia
709 3559 748 3634 fit
766 3561 1028 3657 opportunitatis
1047 3561 1095 3637 idt

92 3694 135 3744 ur
153 3687 294 3737 neonrnr
311 3667 353 3738 ad
374 3668 542 3764 agendum
560 3688 764 3766 temporum.
789 3669 854 3741 Sed
876 3667 985 3765 potest
1002 3670 1095 3744 eadrr

150 3774 217 3847 elle
233 3772 427 3872 prudentiae
443 3772 615 3866 definitio,
634 3779 677 3851 de
693 3797 762 3876 qua
781 3776 950 3875 principio
965 3779 1095 3853 diximu

149 3882 217 3959 hoc
240 3903 349 3961 autern
366 3886 446 3960 loco
463 3888 505 3961 de
525 3890 760 3964 moderatione
778 3907 812 3960 et
830 3890 1095 3986 temperantia,r

148 4018 261 4068 eanrnr
286 3993 445 4070 fimilibus
463 3997 643 4072 virtutibus
659 3995 859 4096 quaerimus.
878 4000 1017 4094 ltaque,
1034 4022 1095 4097 qua

147 4123 241 4181 orant
256 4107 451 4205 prudentiae
469 4108 630 4211 propria,
650 4108 711 4181 suo
729 4108 809 4181 loco
829 4108 914 4184 diua
934 4109 1018 4184 sunt.
1032 4135 1095 4211 qua
