2340 4628
282 528 296 565 Χ

174 728 180 741 .
301 657 799 749 exnrnoxn,
940 642 1009 735 ut

23 840 26 844 ’
40 843 104 901 aut
119 820 179 899 cui
193 823 327 899 mndem
342 824 399 898 hic
412 824 520 897 libero
537 823 737 922 imperabit,
749 821 808 923 qui
821 846 890 898 non
904 823 1015 923 potest

44 935 285 1032 cupiditatibus
308 934 371 1009 suis
389 936 552 1032 imperare
567 936 581 1009 ἓ
596 935 754 1009 Refrenet
775 936 921 1034 primum
940 937 1016 1011 libi·

47 1043 148 1119 dines
156 1098 169 1134 ,
188 1043 317 1142 spernat
332 1044 543 1142 voluptates,
556 1045 758 1119 iracundiam
772 1062 903 1135 teneat,
918 1071 1016 1127 coer·
1094 1042 1097 1047 ⁴

48 1171 127 1227 ctat
153 1152 355 1240 auaritiam,
379 1176 503 1226 ceteras
528 1153 629 1225 animi
654 1153 742 1227 labes
764 1156 923 1251 repellat:
944 1178 1017 1231 tum

50 1258 193 1358 incipiat
213 1260 287 1335 aliis
302 1262 485 1358 imperare,
504 1289 581 1338 cum
603 1261 673 1360 ipse
694 1264 939 1362 improbissimis
951 1267 1018 1337 do·

52 1371 180 1464 minis,
197 1374 406 1455 dedecoriue
420 1373 619 1470 turpitudini
643 1401 759 1472 parere
782 1375 920 1448 deberit.
937 1374 1020 1446 dum

53 1479 195 1575 quidem
221 1480 275 1553 his
306 1481 466 1569 obediet,
498 1506 569 1553 non
593 1483 700 1554 modo
731 1483 934 1579 imperator,
963 1480 1021 1554 sed

52 1587 143 1661 liber
160 1588 342 1677 habendus¹
355 1589 497 1661 omnino
510 1591 665 1665 nouerit.
689 1592 853 1688 praeclare
870 1586 1023 1662 enimes}

55 1692 128 1770 boc
155 1697 347 1795 usurpatum
370 1725 388 1771 a
413 1700 627 1791 dodiffimis,
653 1724 798 1798 quorum
825 1699 1024 1773 austoritate

57 1833 131 1880 non
152 1827 288 1897 uterer,
308 1811 331 1881 si
351 1810 434 1882 mihi
455 1812 543 1908 apud
560 1810 691 1909 aliquos
707 1809 846 1909 agrestes
867 1811 948 1883 haec
961 1810 1025 1880 ha·

57 1918 169 1992 benda
192 1920 272 1993 effer
294 1922 416 1995 oratio.
441 1947 518 1997 cum
544 1946 626 1997 vero
646 1924 733 2021 apud
756 1920 1026 2020 prudentiffimos

59 2028 206 2128 loquar,
229 2032 350 2130 quibus
374 2034 455 2107 baec
480 2033 624 2107 inaudita
651 2059 722 2106 non
749 2034 848 2119 sunt;
874 2057 935 2105 cur
959 2054 1027 2129 ego

59 2138 231 2230 stmulem,
245 2168 318 2227 me,
335 2143 358 2214 ss
373 2142 454 2240 quid
467 2143 499 2215 in
514 2144 565 2217 bis
581 2144 691 2218 studiis
701 2169 824 2241 operae
838 2140 1028 2239 posuerim,

61 2253 266 2350 perdidisse?
286 2248 425 2327 Diuum
446 2254 493 2327 esi
514 2255 613 2353 igitur
630 2256 671 2327 ab
686 2253 908 2327 eruditissimis
922 2253 1028 2337 viris,

61 2362 123 2435 nisi
156 2361 361 2458 sapientem,
386 2364 526 2437 liberum
553 2365 619 2437 esse
645 2365 822 2437 neminem.
861 2363 953 2456 Quid
980 2360 1029 2435 est

63 2474 159 2546 enim
190 2474 358 2547 libertas?
388 2475 532 2571 potestas
558 2474 726 2564 vivendi,
754 2496 792 2547 ut
810 2475 902 2546 velis.
941 2474 1031 2566 Quis

64 2583 170 2680 igitur
194 2582 303 2670 vivit,
326 2607 363 2657 ut
387 2584 482 2668 vult,
506 2581 565 2655 nist
588 2582 647 2680 qui
671 2583 759 2655 reda
789 2581 957 2678 sequitur,
973 2579 1032 2677 qui

64 2691 190 2788 gaudet
214 2689 354 2780 officio,
384 2691 438 2763 cui
462 2689 600 2763 vivendi
626 2688 681 2761 via
703 2688 906 2762 confiderara
932 2706 1031 2785 atque

40 2836 47 2853 ·
64 2800 202 2897 provisa
217 2800 288 2873 est?
304 2800 361 2897 qui
377 2801 502 2898 legibus
518 2801 655 2899 quidem
673 2824 743 2873 non
758 2817 897 2897 propter
905 2816 1031 2874 metum

67 2929 164 3009 paret
176 2965 187 3000 ,
199 2913 254 2985 sed
275 2938 328 2985 eas
342 2913 487 3009 sequitur
499 2932 599 3011 atque
620 2913 728 3001 colit,
749 2914 828 3012 quia
846 2912 880 2984 id
895 2911 1032 2985 salutare

67 3020 219 3095 maxime
241 3022 304 3096 esse
326 3022 475 3107 indicam
499 3023 558 3120 qui
586 3022 667 3095 nihil
694 3024 796 3113 dicit,
823 3021 906 3094 nibil
930 3020 1034 3109 facit,

69 3134 156 3206 nibil
175 3134 301 3231 cogitat
319 3133 563 3230 denique,nis1
587 3135 727 3208 libenter
747 3159 785 3206 ac
801 3133 925 3217 libere;
940 3131 1036 3219 cuius

70 3245 187 3319 omnia
207 3244 361 3333 consilia,
379 3269 498 3342 resque
520 3269 662 3332 omnes,
683 3267 765 3341 quas
781 3240 894 3340 gerit,
908 3239 1038 3336 abipso

72 3356 355 3457 proficiscuntur,
388 3357 575 3453 eodemque
606 3355 781 3440 seruntur;
811 3378 876 3426 nec
899 3351 946 3423 esi
972 3352 1038 3425 ulla

72 3495 154 3558 res,
176 3492 260 3566 quae
278 3468 352 3564 plus
373 3470 459 3565 apud
479 3491 555 3540 eum
575 3467 718 3563 polleat,
737 3489 838 3562 quam
855 3461 956 3559 ipsius
976 3487 1040 3536 vo·

74 3580 184 3651 luntas
206 3594 304 3674 atque
325 3577 514 3662 iudicium
546 3576 599 3648 cui
628 3576 764 3673 quidem
793 3574 893 3649 etiam
921 3571 1039 3673 (quae

75 3688 149 3761 vim
167 3684 289 3759 babere
309 3687 486 3767 maximam
510 3684 653 3783 dicitur)
679 3687 822 3755 Fortuna
840 3681 909 3779 ipsa
930 3684 1056 3771 cedit,

74 3802 160 3873 ficut
174 3798 299 3895 sapiens
311 3821 410 3896 poeta
430 3798 532 3888 dixit,
556 3800 635 3868 Suis
652 3824 687 3866 ea
707 3797 814 3890 cuique
820 3797 961 3892 fingitur
970 3824 1042 3867 mo·

76 3911 176 3979 ribus.
215 3906 283 3979 Soli
312 3908 410 4005 igitur
436 3907 503 3978 boc
529 3905 693 4002 contingit
718 3904 877 4002 sapienti,
897 3923 936 3976 ut
960 3902 1043 3975 nihil

38 4114 43 4123 ‚
76 4018 182 4092 faciat
212 4015 363 4103 invitus,
397 4015 478 4087 nihil
502 4015 644 4102 dolens,
672 4014 751 4087 nibil
779 4015 921 4088 condius
946 4013 1045 4108 quod

76 4127 140 4219 etsi
161 4129 207 4204 ita
224 4125 314 4220 effe,
335 4125 486 4227 pluribus
504 4123 615 4204 verbis
630 4125 857 4295 *disserenppm
880 4119 927 4196 est
939 4144 951 4207 ;
964 4118 1046 4192 illud

836 4242 859 4314 3.
