2340 4628
155 644 236 721 “128
418 646 509 723 DE
555 644 911 725 otttctts

163 810 254 898 sent,
271 810 506 909 cognationem
528 813 684 909 Superbi,
701 834 892 911 nomenque
912 810 1092 912 Tarquini<

161 946 254 1007 rum,
271 946 305 996 et
317 924 512 996 memoriam
526 925 619 1023 regni
638 926 703 997 etse
720 925 924 1011 tollendam
943 926 1043 1023 quod
1056 948 1092 997 er

149 1030 253 1119 utile,
262 1032 386 1127 patriae
399 1032 577 1119 consulere,
587 1035 621 1107 id
632 1053 701 1106 erat
714 1032 758 1104 ita
772 1032 961 1119 honestum,
972 1054 1013 1109 ut
1025 1034 1092 1107 etin

159 1138 220 1237 ipsi
241 1142 412 1215 Collatino
429 1144 558 1239 placere
577 1145 721 1217 deberet.
745 1148 858 1241 ltaque
880 1142 1006 1217 utilitas
1017 1144 1092 1217 vau

159 1270 298 1347 propter
308 1250 532 1337 honestatem,
548 1252 616 1325 siue
628 1276 694 1349 qua
709 1274 751 1323 ne
767 1250 891 1325 utilitas
905 1250 1042 1349 quidem
1054 1250 1092 1325 el

106 1388 136 1439 ⁴¹
149 1360 320 1456 potuillet,
333 1368 378 1436 At
389 1361 424 1435 in
433 1386 477 1433 eo
488 1386 583 1461 rege,
594 1364 652 1460 qui
665 1364 781 1434 urbem
794 1360 966 1449 condidit,
980 1386 1051 1435 non
1063 1361 1092 1435 ir

156 1471 278 1569 species
291 1474 379 1545 enim
393 1476 537 1548 utilitatis
552 1474 700 1547 animum
718 1470 846 1570 pepulit
860 1473 951 1545 eius:
964 1473 1022 1547 cui
1040 1498 1092 1547 cur

155 1584 264 1659 visum
282 1584 361 1660 esset
379 1588 509 1678 utiliru,
522 1588 649 1675 solum,
661 1612 762 1686 quarn
780 1610 859 1659 cum
872 1586 979 1659 altero
1000 1610 1092 1685 regna

144 1716 216 1788 are,
238 1700 370 1772 fratrem
393 1698 570 1773 interemit.
598 1696 720 1771 Omisit
743 1696 800 1769 hic
820 1714 855 1767 et
868 1690 1058 1793 pietatem,
1084 1722 1092 1769 r

152 1808 409 1901 humanitatem,
432 1830 469 1883 ut
493 1810 549 1902 id,
572 1810 665 1909 quod
691 1808 770 1883 utile
792 1807 990 1895 videbatur,
1010 1832 1092 1907 nequ

152 1946 241 2013 erat,
253 1922 376 2019 alsequi
387 1922 511 2020 pollen
529 1941 563 1994 et
574 1941 685 1995 tamen
696 1919 782 2021 muri
797 1920 926 1995 causam
939 1918 1092 2017 opposuit

152 2030 296 2129 speciem
319 2032 496 2105 honestatis
522 2056 632 2129 neque
656 2030 889 2128 probabilem,
907 2054 1017 2129 neque
1042 2030 1092 2103 flu'

149 2138 317 2214 idoneam.
340 2142 496 2215 Peccavit
504 2139 626 2240 igitur3
641 2164 724 2238 pace
734 2142 790 2213 vel
802 2138 1024 2233 Quirini‚vel
1039 2140 1092 2214 tta

99 2250 232 2327 ⁴²²mttli
257 2250 423 2323 dixerim'
442 2252 514 2324 Nec
539 2272 648 2323 tamen
675 2250 804 2325 nostrae
829 2248 928 2323 nobis
958 2249 1092 2325 utilitate

149 2360 351 2435 omittendae
373 2360 465 2451 sunt,
485 2362 620 2461 aliisque
642 2360 840 2445 tradendae,
873 2384 951 2433 cum
974 2354 1025 2433 his
1052 2362 1092 2459 ipt

149 2496 325 2567 egeamus:
346 2470 400 2545 sed
419 2472 494 2545 suae
517 2472 637 2568 cuique
656 2470 806 2560 utilitati,
824 2472 918 2569 quod
944 2468 1014 2543 line
1032 2472 1092 2545 alte

148 2578 215 2655 rius
235 2576 353 2654 iniuria
366 2578 442 2671 liat,
462 2581 670 2655 serviendum
692 2579 748 2654 eli.
771 2580 859 2653 Scire
877 2578 1089 2680 Chrytippus

148 2714 186 2762 ut
198 2692 299 2762 multa
310 2718 319 2762 t
330 2694 400 2784 Qui
414 2692 569 2781 stadium,
581 2689 698 2787 inquit,
708 2693 823 2782 currit,
836 2692 919 2764 eniti
933 2709 966 2762 et
974 2712 1092 2765 conten

147 2798 226 2870 dere
238 2800 357 2889 debet,
372 2826 470 2897 quam
486 2800 627 2870 maxime
640 2799 753 2895 poffir,
765 2818 801 2873 ut
814 2800 942 2873 vincat:
959 2798 1092 2897 supplan

144 2924 214 2978 tare
232 2930 308 2979 eum
322 2959 332 2994 ,
347 2908 485 3005 quicum
495 2926 622 2991 certet,
639 2926 694 2978 aut
706 2932 809 2981 manu
821 2906 1092 3006 depellere,nullr

144 3018 250 3089 modo
273 3014 379 3090 debet.
396 3018 440 3090 fic
454 3018 488 3089 in
510 3016 579 3091 vita
598 3016 658 3089 tibi
677 3040 845 3116 quemque
866 3036 1000 3117 petere,
1013 3044 1092 3121 quor

143 3130 305 3227 pertineat
319 3131 360 3202 ad
374 3132 488 3219 usum,
505 3154 574 3202 non
590 3128 741 3228 iniquum
755 3131 821 3219 est;
834 3132 932 3203 alteri
944 3133 1092 3231 deripere

93 3268 124 3323 tt
143 3238 194 3321 ius
208 3272 277 3321 non
298 3242 353 3323 est.
376 3244 524 3319 Maxime
549 3262 657 3317 autem
682 3246 915 3342 perturbantur
935 3242 1050 3320 officia
1071 3246 1092 3319 it

141 3358 314 3445 amicitiis;
328 3359 446 3460 quibus
459 3372 492 3430 et
504 3374 573 3428 non
589 3355 757 3444 tribuere,
773 3352 867 3451 quod
884 3354 972 3427 teile
990 3350 1092 3452 poffis

141 3487 176 3538 et
190 3468 335 3543 tribuere
344 3470 436 3567 quod
451 3493 519 3542 non
538 3466 576 3539 stt
587 3491 742 3565 aequum,
756 3458 873 3538 contra
884 3463 1034 3536 officium
1048 3462 1092 3537 en

140 3576 205 3647 Sed
219 3578 313 3649 huius
323 3580 453 3675 generis
466 3580 588 3663 totius,
605 3578 707 3649 breve
719 3598 752 3648 et
772 3598 841 3645 non
857 3574 996 3647 difficile
1010 3592 1092 3674 prae

134 3696 274 3779 'ceptum
285 3687 341 3761 est.
362 3692 457 3783 Quae
469 3690 557 3763 enim
570 3689 723 3763 videntur
740 3684 1034 3777 utilia‚honores,
1048 3686 1092 3759 di·

141 3794 265 3884 vitiae,
294 3798 503 3895 voluptates,
528 3817 636 3872 cetera
662 3797 789 3894 generis
819 3794 990 3883 eiusdem,
1020 3798 1092 3871 haer

140 3900 305 3974 amicitiae
313 3928 481 4001 nunquam
495 3906 723 4003 anteponenda
738 3906 819 3979 suut.
846 3912 890 3979 m
900 3932 1012 4004 neque
1020 3930 1092 3981 con

140 4025 191 4079 tra
207 4008 463 4107 rempublicam,
485 4034 592 4109 neque
608 4032 726 4084 contra
745 4012 976 4085 iusiurandum
995 4040 1036 4090 ae
1059 4010 1092 4085 fi·

24 4154 34 4167 ·
139 4120 236 4212 dem,
254 4122 352 4197 amici
376 4118 494 4209 causa,
518 4124 574 4199 vir
598 4124 710 4199 bonus
737 4125 857 4210 faciett
887 4152 930 4199 ne
956 4127 982 4199 ti
1004 4128 1092 4203 iudo
