2340 4628
151 653 223 765 am
328 612 331 619 ¹
391 650 844 739 1LAEL1us'

148 830 281 904 leudam
295 825 474 907 amicitiam
490 831 587 905 valer.
614 829 696 903 lllud
707 826 820 926 potius
840 824 1003 928 praecipio

148 937 233 1032 suit,
257 957 294 1015 ut
318 965 392 1015 eam
417 941 618 1039 diligentiam
645 940 880 1014 adhiberemus
900 938 936 1013 iu
958 966 1003 1014 an

148 1052 399 1147 comparandis,
413 1070 451 1124 ut
463 1051 645 1147 nequando
664 1074 776 1127 amare
786 1046 1002 1145 incipereoiru

148 1181 250 1254 quem
264 1160 444 1258 aliquando
459 1160 562 1232 odiffe
582 1157 757 1258 podemus·
786 1159 867 1257 quin
879 1159 982 1233 etiam

150 1290 214 1340 nus
234 1266 347 1340 felices
362 1268 396 1340 in
411 1267 589 1365 deligendo
601 1266 980 1353 suitlemus‚ferendum
993 1266 1003 1340 i

148 1373 211 1470 pio
223 1375 355 1471 potius,
368 1399 468 1470 quam
484 1374 729 1446 inimicitiarum
739 1391 870 1471 tempus
883 1379 1002 1474 cogitat

93 1513 137 1583 17
152 1484 296 1580 putabat.
343 1483 404 1554 His
428 1484 526 1582 igiuu
551 1481 671 1555 finibus
702 1483 862 1557 uteridum
889 1484 1001 1557 arbitrr

104 1612 135 1663 σι
152 1617 230 1666 cum
250 1594 413 1669 emendati
426 1620 536 1668 mores
556 1596 740 1669 amicorum
764 1593 850 1682 tint,
868 1616 943 1668 tum
966 1592 1001 1666 fir

151 1724 212 1777 eos
228 1705 378 1777 omnium
398 1732 521 1794 rerum,
542 1707 779 1805 consiliorum,
797 1706 1001 1779 volunramm

62 1886 70 1905 ,
150 1814 218 1888 ulla
229 1818 426 1912 exceptione
439 1822 661 1892 communitas
674 1844 684 1887 r
699 1835 751 1905 ut,
765 1817 865 1890 etiam
886 1816 990 1913 siqua

152 1947 196 1994 na
216 1925 390 2018 acciderit,
404 1950 441 2003 ut
467 1932 577 2003 minus
600 1929 700 2002 iuliae
723 1926 908 2002 amicorum
926 1924 1001 1997 volu

152 2030 360 2106 adiuvandae
371 2035 481 2124 fint
472 2064 507 2108 m
521 2039 639 2133 quibus
658 2061 776 2109 eorum
797 2056 853 2106 aut
866 2051 967 2130 caput
987 2059 1000 2106 a

152 2168 212 2217 aut
231 2143 340 2236 fama,
358 2149 588 2222 declinandum
604 2148 627 2220 s
629 2170 641 2220 t
654 2150 739 2222 de
708 2174 781 2236 vra,
770 2128 908 2219 modo
926 2171 968 2219 ne
987 2146 1000 2218 l

154 2254 327 2349 turpitudo
341 2258 501 2357 sequatur.
523 2258 570 2332 est
583 2260 669 2331 enim
685 2280 843 2357 quatenus
859 2255 1000 2330 amicitia

154 2366 253 2438 venia
269 2368 376 2462 pollit.
401 2396 461 2442 nec
481 2395 565 2443 vero
577 2370 773 2466 negligenda
788 2367 833 2439 ell
847 2366 955 2451 samm
969 2393 1000 2437 nr

153 2474 270 2550 drocre
279 2480 381 2552 telum
403 2483 446 2553 ad
464 2506 516 2553 res
527 2482 684 2593 gerendas
697 2478 880 2549 existimare
899 2499 1000 2573 oport

154 2588 431 2661 nevolentiam
403 2592 549 2674 civium3
575 2614 671 2687 quarn
689 2587 854 2661 blanditiis
872 2605 907 2659 et
924 2583 999 2657 affer

152 2698 310 2817 colligere
334 2717 429 2796 turpe
453 2701 508 2773 cll.
543 2702 667 2788 virtus,
688 2726 786 2798 quam
806 2698 953 2797 sequitur
976 2721 999 2771 c

153 2803 289 2875 minime
308 2808 507 2901 repudianda
525 2809 581 2882 est.

918 2876 930 2903 Ι

104 2931 136 2982 σι
202 2911 264 2981 Sed
291 2912 385 3007 saepe
410 2914 558 3013 (etenim
579 2919 681 2989 redeo
709 2915 751 2987 ad
780 2912 998 3011 Scipionem,

152 3017 261 3090 omnis
275 3016 384 3094 sermo
396 3044 465 3095 erar
477 3025 517 3095 de
531 3025 692 3125 amicitia)
702 3026 919 3124 querebatur,
934 3044 999 3119 quo

152 3127 250 3203 nibus
270 3129 307 3201 in
324 3131 421 3205 rebus
442 3134 594 3208 homines
617 3137 843 3234 diligentiores
865 3131 986 3216 essene

151 3267 227 3339 pras
250 3264 283 3318 er
304 3269 388 3319 oves
409 3247 495 3344 quot
516 3248 655 3346 quisque
680 3249 834 3334 haberet,
854 3244 967 3317 dicere
988 3269 998 3339 p

151 3357 279 3428 amicos
295 3381 379 3454 quor
402 3357 555 3443 haberet,
575 3385 643 3432 non
665 3359 773 3458 pollet
790 3360 924 3431 dicere:
939 3372 974 3428 et
993 3355 998 3425 i

150 3466 284 3561 quidem
306 3468 459 3564 parandis
481 3470 636 3542 adhibere
655 3495 789 3558 curam,
804 3469 839 3541 iu
858 3465 998 3538 amicis<

149 3577 201 3649 dis
213 3582 410 3677 negligentes
419 3581 508 3654 effe
522 3608 582 3654 nec
598 3584 716 3655 habere
734 3580 823 3691 quali
838 3579 925 3676 fign'a
938 3603 998 3675 qua

148 3702 183 3754 et
194 3706 306 3774 noras,
322 3692 439 3786 quibus
454 3717 512 3765 eos
522 3746 533 3781 ,
545 3719 603 3789 qur
595 3694 658 3765 ad
671 3691 849 3765 amicitiam
864 3687 995 3762 ellenti

148 3789 341 3869 iudicarent.
361 3803 461 3873 Sunt
454 3823 552 3898 igitur
563 3801 664 3887 sirmi
678 3823 710 3878 et
723 3801 868 3885 stabiles,
880 3822 914 3873 et
929 3821 995 3871 con

148 3903 309 3999 eligendi;
325 3934 418 3982 curus
429 3936 556 4006 generis
566 3912 740 4010 estmagna
753 3934 909 4010 penuria
922 3929 956 3984 et
968 3937 997 3982 ιι

149 4011 281 4089 difficile
295 4015 341 4087 est
362 4018 459 4103 sane,
474 4017 531 4091 nist
544 4042 729 4117 expertum.
737 4020 986 4143 experiendum

148 4117 217 4201 cst
208 4148 243 4198 ru
255 4125 324 4233 ipsa
337 4126 493 4207 amicitia.
518 4130 563 4206 ita
580 4131 761 4232 praecurrit
772 4127 920 4207 amicitia
934 4129 996 4207 iud
