2340 4628
175 576 297 733 172¹
422 634 626 709 erro
674 592 939 707 maror¹
1034 572 1041 584 ¹

164 796 386 885 Flamininus,
400 814 433 871 et
446 798 504 870 Μ’.
517 796 640 871 Acilius
658 793 733 869 fasti
747 795 819 869 sunt
831 820 844 869 c
854 794 910 869 ille
923 810 1038 871 autem
1049 790 1128 865 &ei

168 910 272 1006 pione
289 928 323 982 et
347 907 500 1004 Philippo
523 907 643 979 iterum
662 904 870 993 consulibus,
886 900 1125 989 mortuus-estc
1162 988 1164 997 Ι

168 1040 246 1091 cum
264 1040 329 1114 ego
350 1015 510 1114 quidem,
524 1038 552 1088 v
565 1032 598 1090 et
611 1036 662 1113 Lx
675 1040 781 1090 annos
798 1034 917 1107 natus,
937 1016 1047 1114 legem
1055 1018 1124 1087 Vo-
1162 1006 1164 1021 '

146 1125 302 1199 'coniam
322 1148 410 1199 voce
432 1148 578 1224 magna,
597 1146 631 1201 et
655 1129 755 1203 bonis
781 1126 938 1200 lateribus
959 1123 1124 1199 smfissem.
1161 1170 1164 1183 ·

167 1242 373 1310 Annosaxx
391 1255 483 1311 natus
504 1238 676 1333 (totenim
687 1237 772 1311 vixit
785 1233 931 1333 Ennius)
941 1234 988 1307 ira
1001 1232 1122 1307 ferebat

167 1345 260 1431 duo,
282 1372 366 1442 quae
380 1347 522 1419 maxima
537 1366 694 1443 putamur
707 1371 832 1433 onera,
852 1355 1123 1441 paupertatcmer

127 1497 154 1548 ¹5
171 1455 481 1544 senedutemmteis
494 1480 598 1552 paene
614 1454 767 1529 deleam
780 1454 966 1529 videretur.
983 1448 1124 1536 Etenim,

169 1593 247 1639 cum
264 1568 472 1663 contemplor
485 1567 611 1653 animo,
624 1567 757 1663 reperio
770 1582 915 1664 quatuor
927 1561 1058 1651 causas,
1069 1580 1123 1633 cur

169 1676 314 1748 seneclus
332 1676 447 1747 misera
468 1677 645 1748 videatur:
665 1673 892 1773 unam,quod
908 1686 1124 1746 avocetare·

172 1781 233 1855 bus
246 1784 412 1879 gerendis;
425 1785 580 1873 alteram,
596 1786 689 1881 quod
704 1807 825 1881 corpus
837 1780 939 1855 faciat
949 1776 1125 1858 infirmius

171 1892 326 1983 tertiam,
347 1895 442 1992 quod
473 1895 583 1990 privet
605 1895 761 1966 omnibus
786 1892 855 1967 sere
883 1887 1124 1987 voluptatibus?

170 2020 343 2098 quartam,
354 2003 448 2099 quod
460 2003 547 2075 haud
561 2002 682 2099 procul
700 1999 781 2074 abiit
798 2024 818 2070 a
839 2014 962 2071 morte.
987 1999 1124 2081 Earum

169 2112 335 2207 fiplacet,
355 2114 528 2187 causarum
545 2134 688 2215 quanta,
701 2136 871 2212 quamque
889 2108 929 2181 fir
948 2107 1032 2182 iusta
1047 2128 1125 2181 um·

99 2246 343 2320 ‚quaeque,
355 2223 541 2298 videamus.

132 2346 155 2417 6
221 2335 364 2408 Arebus
379 2333 689 2431 gerendissenedus
702 2326 884 2405 abstrahit?
911 2327 1125 2422 Quibusim

170 2441 226 2533 iis,
235 2469 320 2541 quae
332 2464 489 2541 geruntur
501 2444 675 2518 iuventute
688 2461 723 2515 et
737 2441 887 2517 viribus?
900 2432 1126 2533 Nudlaeneigi·

169 2574 224 2629 tur
245 2578 297 2626 res
315 2552 388 2625 sunt
416 2552 547 2639 seniles,
562 2579 649 2649 quae
670 2550 726 2627 vel
746 2548 884 2631 infirmis
903 2544 1125 2643 corporibus

170 2661 284 2733 animo
314 2680 424 2732 tamen
448 2658 716 2731 administrentur
729 2659 744 2730 i
759 2656 848 2730 Nihil
860 2678 943 2751 ergo
956 2653 1076 2751 agebar
1085 2649 1127 2740 Q.

171 2768 363 2840 Maximus?
389 2768 469 2839 nihil
484 2769 520 2840 L.
533 2769 667 2856 Paulus,
685 2788 778 2864 pater
790 2788 878 2853 tum,
890 2765 1027 2861 Scipi0,
1040 2762 1126 2834 sooer

171 2874 292 2971 oprimi
312 2875 402 2963 viri,
417 2875 477 2949 filii
492 2877 581 2949 meii
596 2881 697 2951 ceteri
719 2880 829 2972 seneS,
844 2876 1009 2963 Fabricii,
1026 2868 1133 2957 Curii,-

171 2983 397 3071 Coruncanii,
418 3009 493 3056 cum
513 2984 753 3081 rempublicam
771 2986 910 3060 consilio
930 3004 966 3057 ct
983 2978 1128 3055 austori-

123 3132 155 3183 ‚5
172 3114 236 3168 tare
254 3091 494 3182 defendebam,
513 3092 595 3165 nihil
621 3096 784 3191 agebant?
810 3096 876 3167 Ad·
892 3100 984 3190 App.
1001 3082 1127 3165 Claudii

170 3205 367 3278 seneuutem
386 3205 562 3279 accedebat
585 3206 703 3296 eriam,
726 3229 764 3280 ur
792 3230 909 3280 caccus
936 3202 1051 3277 effer:
1080 3213 1128 3268 ta·

172 3312 315 3400 menis,
333 3338 413 3386 cum
430 3310 584 3386 sementia
602 3315 728 3387 senatus
747 3314 918 3386 inclinarat
937 3312 981 3385 ad
995 3326 1128 3405 paoem·

171 3420 340 3493 er.soedm
357 3420 545 3493 faciendum
561 3447 637 3492 cum
652 3422 807 3519 Pyrrho,
819 3445 892 3491 non
903 3411 1071 3491 dubitavit
1082 3405 1128 3480 di-

173 3552 249 3601 cere
262 3530 337 3618 issa,
350 3555 433 3626 quae
447 3529 592 3603 verfibus
603 3530 787 3626 persecutus
803 3527 849 3601 est
861 3528 986 3599 Ennius
1001 3551 1014 3599 c

251 3638 327 3728 Quo
339 3641 425 3707 vobis
438 3663 569 3726 mentes,
582 3642 673 3711 restae
686 3640 850 3738 quaestam
855 3639 1004 3730 fidebam

247 3746 415 3829 Antehac,
430 3749 650 3839 dcmcnoesscse
657 3751 808 3847 flexere-2.

173 3868 348 3945 oetcraque
359 3853 567 3946 graviffime;
580 3873 698 3927 norum
709 3855 798 3928 enim
811 3855 911 3930 vobis
921 3880 1056 3931 carmen
1069 3855 1130 3942 esta

160 3981 207 4031 ct
226 3977 336 4030 tamen
356 3958 455 4055 ipsius
473 3964 576 4061 Appii
590 3962 692 4035 exstat
711 3963 830 4036 orario.
855 3985 956 4062 arque
976 3967 1061 4042 banc
1081 3966 1131 4038 ille

173 4067 241 4169 egit
258 4067 392 4171 septem!
406 4089 438 4149 et
461 4073 582 4161 decem·
599 4074 798 4172 armospost
819 4077 967 4155 alterum
981 4076 1133 4153 conflua-
