2340 4628
576 354 581 373 i

388 652 611 738 r't‘ann
660 668 738 743 rte.
777 650 787 689 ²·
974 694 1038 774 151

68 840 121 898 tae
141 820 266 927 tragici
287 824 509 925 prodiderunt
523 852 533 900 e
547 851 625 900 nam
638 828 728 928 apud
748 829 959 925 Homerum,
972 858 1041 933 op,
1058 866 1092 913 ῃ

70 936 193 1009 timttm
212 934 411 1026 artiorem,
424 934 498 1011 talis
516 939 560 1013 de
580 936 699 1038 Ulyffe
712 939 800 1013 nulla
812 939 958 1041 suspicio
969 945 1042 1024 est:

71 1038 127 1113 sed
140 1037 337 1114 intimedanr
351 1065 429 1115 cum
448 1042 658 1142 tragoediae,
671 1040 879 1119 timedttione
899 1046 1042 1129 insaniae

72 1147 226 1222 militiam
248 1146 475 1248 subterfugere
496 1149 652 1225 voiuiffe.
667 1174 745 1247 oon⁸
761 1149 936 1227 honestum
955 1180 1042 1230 con-

72 1254 206 1341 stium:
230 1274 264 1331 at
279 1257 574 1359 utile(utaliquis
594 1256 728 1334 forraffe
750 1257 904 1353 dixerit)
924 1286 1042 1360 regna·

72 1392 128 1457 re,
141 1367 326 1445 ‘erlebacae
350 1368 468 1444 vivere
493 1368 601 1444 otiose
624 1394 702 1445 cum
727 1369 939 1467 parentibus,
962 1396 1041 1447 cum

71 1500 199 1567 uxore,
212 1502 291 1552 cum
309 1474 522 1553 triavum
539 1497 578 1552 ru
590 1479 693 1552 decua
711 1478 747 1561 ic
765 1479 969 1577 quotidianis
981 1504 1042 1578 pe·

72 1586 186 1661 riculis
203 1603 238 1660 et
253 1585 424 1661 laboribus
445 1612 521 1661 cum
536 1586 598 1662 hac
613 1584 849 1684 tranquillitate
862 1585 1042 1662 conferen-

71 1696 153 1769 dum
170 1701 295 1792 putas?
323 1696 395 1793 Ego
413 1719 498 1769 uero
519 1693 613 1770 istam
635 1694 917 1771 contemnendam
931 1712 967 1768 et
979 1695 1041 1769 ab·

70 1800 270 1890 beandam-3
282 1802 464 1901 qmomm,
477 1828 564 1902 quae
581 1800 718 1875 honesta
736 1825 809 1876 non
828 1802 889 1894 sn,
901 1828 944 1878 ne
968 1804 1039 1879 uti·

68 1912 136 1987 iem
156 1911 294 2008 quiderm
309 1910 378 1985 etie
388 1911 543 1987 arbitror.
557 1911 651 2006 Quid
662 1911 750 1986 enim
768 1910 958 1986 auditurum
972 1938 1037 2009 pu·
1054 1934 1088 2003 98

69 2038 120 2095 tar
131 2018 230 2094 btiffe
244 2019 457 2120 ulydemm
475 2020 511 2093 in
527 2021 582 2095 illa
601 2019 809 2096 srmtdatione
834 2021 1042 2117 perseveras·

68 2127 117 2204 set
130 2128 145 2202 i
159 2127 223 2227 qui
245 2154 322 2205 cum
337 2128 497 2205 maximas
518 2153 571 2202 res
591 2129 723 2227 gesserit
742 2128 778 2203 in
798 2129 910 2222 bello,
925 2148 1038 2208 tamen

68 2236 149 2313 haec
166 2235 280 2310 audiat
305 2236 347 2308 ab
372 2237 499 2311 Aiace:

119 2398 211 2469 cuia·
224 2396 289 2490 ipsi
296 2397 438 2490 princeps
456 2397 664 2466 iurisiurandi
675 2396 763 2487 fuit,

119 2510 223 2604 Quod
239 2534 345 2578 omnes
355 2506 570 2600 ftitis‚fhlus
588 2510 724 2602 neglexit
734 2508 844 2597 fidem.

117 2626 226 2694 Furere
237 2620 427 2718 affunulavit
434 2652 451 2709 ;
468 2649 507 2692 rae
526 2608 640 2709 coiret}
651 2622 769 2720 irssitit.

119 2734 220 2828 Quod
237 2736 274 2801 rri
295 2734 472 2803 Palamedis
493 2731 659 2826 perspicax
675 2735 845 2827 prudentia

116 2843 215 2944 istius
221 2834 371 2933 percepset
385 2841 573 2933 malitiosam
596 2843 789 2934 audaciam,

118 2951 362 3044 Pidesacratrtm
375 2953 426 3021 ius
433 2974 577 3045 perpetuo
582 2949 717 3041 falleret.

68 3108 118 3183 illi
142 3128 229 3179 vero
257 3130 327 3178 non
351 3106 457 3179 modo
482 3130 561 3179 cum
591 3106 761 3198 hostibus,
785 3130 905 3182 venun
933 3105 1034 3182 etiam
1052 3131 1086 3183 tu

69 3240 151 3291 cum
172 3208 346 3300 fludiibus,
358 3214 392 3285 id
406 3215 500 3312 quod
519 3213 618 3305 fecit,
632 3214 792 3287 dimicare
812 3216 930 3287 melius
950 3214 1035 3306 fuit,

67 3349 171 3424 quam
193 3321 344 3396 deserere
371 3323 632 3396 consentientem
651 3319 826 3394 Graeciam
847 3323 888 3391 ad
910 3320 1034 3394 bellum
1093 3336 1097 3343 ·

68 3430 214 3505 barbaris
231 3427 451 3504 inferendum.
476 3432 540 3504 Sed
564 3431 766 3501 dimittamus
787 3449 820 3502 et
844 3429 1045 3518 fabulamet

68 3560 226 3615 externa:
241 3538 284 3612 ad
304 3563 374 3611 rem
397 3537 535 3627 fabam,
551 3534 765 3634 nostramque
777 3537 960 3615 veniamus.
983 3544 1036 3618 M.

69 3645 192 3722 Atilitu
217 3643 385 3743 Regum,
407 3669 485 3721 cum
509 3640 625 3717 consul
651 3641 774 3716 iterum
800 3641 837 3717 in
859 3643 970 3723 Africa
990 3671 1035 3724 ex

69 3752 193 3829 infidiis
212 3771 326 3850 eapms
343 3751 542 3840 effet,duce
561 3751 734 3851 xantippo
747 3752 1039 3849 Lacedaemonio,

68 3864 271 3963 imperatore
292 3879 403 3937 autern
417 3885 510 3960 patre
531 3860 743 3951 Hannibalis,
758 3863 965 3952 Hamilcare,
978 3867 1035 3939 iu·

68 3994 156 4048 rarus
174 3971 297 4047 mitius
315 3970 363 4045 est
388 3973 430 4047 ad
452 3971 624 4059 senatum,
647 3990 706 4065 ut,
717 3970 777 4047 nin
795 3973 914 4049 redditi
933 3973 1037 4050 edent

67 4085 199 4179 Poenis⁴
221 4082 351 4184 captivi
378 4083 517 4186 nobum,
530 4084 691 4185 quidam,
710 4084 835 4256 τεὰὲτετ
859 4083 928 4184 ipse
947 4084 1039 4173 Cet:
