<?xml version="1.0" encoding="UTF-8"?>
<!DOCTYPE html PUBLIC "-//W3C//DTD XHTML 1.0 Transitional//EN"
    "http://www.w3.org/TR/xhtml1/DTD/xhtml1-transitional.dtd">
<html xmlns="http://www.w3.org/1999/xhtml" xml:lang="en" lang="en">
 <head>
  <title>
</title>
<meta http-equiv="Content-Type" content="text/html;charset=utf-8" />
  <meta name='ocr-system' content='tesseract 3.04.00' />
  <meta name='ocr-capabilities' content='ocr_page ocr_carea ocr_par ocr_line ocrx_word'/>
</head>
<body>
  <div class='ocr_page' id='page_1' title='image "./mtulliiciceroni01plutgoog_0061.png"; bbox 0 0 2340 4628; ppageno 0'>
   <div class='ocr_carea' id='block_1_1' title="bbox 162 633 891 738">
    <p class='ocr_par' dir='ltr' id='par_1_1' title="bbox 162 633 891 738">
     <span class='ocr_line' id='line_1_1' title="bbox 162 633 891 738; baseline -0.008 -25"><span class='ocrx_word' id='word_1_1' title='bbox 162 648 209 738; x_wconf 70' lang='lat'>30</span> <span class='ocrx_word' id='word_1_2' title='bbox 392 634 482 713; x_wconf 77' lang='lat' dir='ltr'>De</span> <span class='ocrx_word' id='word_1_3' title='bbox 531 633 891 709; x_wconf 80' lang='lat' dir='ltr'>orrtcrts</span> 
     </span>
    </p>
   </div>
   <div class='ocr_carea' id='block_1_2' title="bbox 160 784 1123 897">
    <p class='ocr_par' dir='ltr' id='par_1_2' title="bbox 160 784 1123 897">
     <span class='ocr_line' id='line_1_2' title="bbox 160 784 1123 897; baseline -0.002 -24"><span class='ocrx_word' id='word_1_4' title='bbox 160 800 270 874; x_wconf 83' lang='lat' dir='ltr'>tiones</span> <span class='ocrx_word' id='word_1_5' title='bbox 308 802 513 897; x_wconf 83' lang='lat' dir='ltr'>omnemque</span> <span class='ocrx_word' id='word_1_6' title='bbox 535 798 677 890; x_wconf 83' lang='lat' dir='ltr'>¹vitam,</span> <span class='ocrx_word' id='word_1_7' title='bbox 706 797 840 873; x_wconf 86' lang='lat' dir='ltr'>nullam·</span> <span class='ocrx_word' id='word_1_8' title='bbox 864 784 1123 897; x_wconf 83' lang='lat' dir='ltr'>discrepantiam</span> 
     </span>
    </p>
   </div>
   <div class='ocr_carea' id='block_1_3' title="bbox 18 904 1124 1995">
    <p class='ocr_par' dir='ltr' id='par_1_3' title="bbox 94 904 1123 1006">
     <span class='ocr_line' id='line_1_3' title="bbox 94 904 1123 1006; baseline 0.004 -29"><span class='ocrx_word' id='word_1_9' title='bbox 94 938 142 977; x_wconf 79' lang='lat' dir='ltr'>m</span> <span class='ocrx_word' id='word_1_10' title='bbox 159 907 312 997; x_wconf 70' lang='lat' dir='ltr'>conferre</span> <span class='ocrx_word' id='word_1_11' title='bbox 331 908 500 981; x_wconf 81' lang='lat' dir='ltr'><strong>debemus.</strong></span> <span class='ocrx_word' id='word_1_12' title='bbox 532 914 647 1006; x_wconf 80' lang='lat' dir='ltr'>Atque</span> <span class='ocrx_word' id='word_1_13' title='bbox 673 906 755 979; x_wconf 90' lang='lat' dir='ltr'>baec</span> <span class='ocrx_word' id='word_1_14' title='bbox 779 904 965 981; x_wconf 82' lang='lat' dir='ltr'>differentia</span> <span class='ocrx_word' id='word_1_15' title='bbox 986 926 1123 981; x_wconf 85' lang='lat' dir='ltr'>natura·</span> 
     </span>
    </p>

    <p class='ocr_par' dir='ltr' id='par_1_4' title="bbox 18 1017 1124 1224">
     <span class='ocr_line' id='line_1_4' title="bbox 18 1017 1124 1115; baseline 0.001 -26"><span class='ocrx_word' id='word_1_16' title='bbox 18 1018 20 1023; x_wconf 82' lang='grc'><strong>’</strong></span> <span class='ocrx_word' id='word_1_17' title='bbox 156 1041 233 1090; x_wconf 91' lang='lat' dir='ltr'>rum</span> <span class='ocrx_word' id='word_1_18' title='bbox 252 1038 377 1110; x_wconf 83' lang='lat' dir='ltr'>tantam</span> <span class='ocrx_word' id='word_1_19' title='bbox 404 1018 502 1091; x_wconf 83' lang='lat' dir='ltr'>habet</span> <span class='ocrx_word' id='word_1_20' title='bbox 529 1017 622 1104; x_wconf 88' lang='lat' dir='ltr'>vim,</span> <span class='ocrx_word' id='word_1_21' title='bbox 643 1036 681 1091; x_wconf 91' lang='lat' dir='ltr'>ut</span> <span class='ocrx_word' id='word_1_22' title='bbox 706 1024 951 1115; x_wconf 83' lang='lat' dir='ltr'>nonnunquam</span> <span class='ocrx_word' id='word_1_23' title='bbox 975 1034 1124 1109; x_wconf 74' lang='lat' dir='ltr'>mortem</span> 
     </span>
     <span class='ocr_line' id='line_1_5' title="bbox 156 1116 1124 1224; baseline 0.002 -27"><span class='ocrx_word' id='word_1_24' title='bbox 156 1123 215 1201; x_wconf 86' lang='lat' dir='ltr'>sibi</span> <span class='ocrx_word' id='word_1_25' title='bbox 241 1126 309 1224; x_wconf 91' lang='lat' dir='ltr'>ipse</span> <span class='ocrx_word' id='word_1_26' title='bbox 336 1126 541 1205; x_wconf 73' lang='lat' dir='ltr'>consciscere</span> <span class='ocrx_word' id='word_1_27' title='bbox 565 1124 652 1199; x_wconf 86' lang='lat' dir='ltr'>alius</span> <span class='ocrx_word' id='word_1_28' title='bbox 672 1124 815 1216; x_wconf 84' lang='lat' dir='ltr'>debeat,</span> <span class='ocrx_word' id='word_1_29' title='bbox 835 1125 920 1199; x_wconf 84' lang='lat' dir='ltr'>alius</span> <span class='ocrx_word' id='word_1_30' title='bbox 942 1116 980 1199; x_wconf 80' lang='lat' dir='ltr'>ib</span> <span class='ocrx_word' id='word_1_31' title='bbox 1004 1126 1124 1199; x_wconf 87' lang='lat' dir='ltr'>eadem</span> 
     </span>
    </p>

    <p class='ocr_par' dir='ltr' id='par_1_5' title="bbox 157 1232 1123 1314">
     <span class='ocr_line' id='line_1_6' title="bbox 157 1232 1123 1314; baseline 0.002 -6"><span class='ocrx_word' id='word_1_32' title='bbox 157 1237 252 1309; x_wconf 82' lang='lat' dir='ltr'>causa</span> <span class='ocrx_word' id='word_1_33' title='bbox 268 1232 339 1311; x_wconf 86' lang='lat' dir='ltr'>non</span> <span class='ocrx_word' id='word_1_34' title='bbox 352 1238 488 1314; x_wconf 74' lang='lat' dir='ltr'>debeat..</span> <span class='ocrx_word' id='word_1_35' title='bbox 507 1239 599 1311; x_wconf 86' lang='lat' dir='ltr'>Num</span> <span class='ocrx_word' id='word_1_36' title='bbox 617 1235 709 1310; x_wconf 88' lang='lat' dir='ltr'>enim</span> <span class='ocrx_word' id='word_1_37' title='bbox 732 1235 795 1309; x_wconf 88' lang='lat' dir='ltr'>alia</span> <span class='ocrx_word' id='word_1_38' title='bbox 811 1237 850 1309; x_wconf 86' lang='lat' dir='ltr'>iu</span> <span class='ocrx_word' id='word_1_39' title='bbox 870 1235 965 1310; x_wconf 85' lang='lat' dir='ltr'>causa</span> <span class='ocrx_word' id='word_1_40' title='bbox 984 1239 1037 1311; x_wconf 86' lang='lat' dir='ltr'>M.</span> <span class='ocrx_word' id='word_1_41' title='bbox 1048 1236 1123 1310; x_wconf 67' lang='lat' dir='ltr'>ca·</span> 
     </span>
    </p>

    <p class='ocr_par' dir='ltr' id='par_1_6' title="bbox 150 1344 1124 1557">
     <span class='ocr_line' id='line_1_7' title="bbox 150 1344 1124 1447; baseline 0.002 -28"><span class='ocrx_word' id='word_1_42' title='bbox 150 1369 197 1420; x_wconf 83' lang='lat' dir='ltr'>to</span> <span class='ocrx_word' id='word_1_43' title='bbox 216 1346 306 1441; x_wconf 57' lang='grc' dir='ltr'>Μ,</span> <span class='ocrx_word' id='word_1_44' title='bbox 327 1348 392 1422; x_wconf 87' lang='lat' dir='ltr'>alia</span> <span class='ocrx_word' id='word_1_45' title='bbox 409 1349 536 1436; x_wconf 83' lang='lat' dir='ltr'>cereri,</span> <span class='ocrx_word' id='word_1_46' title='bbox 558 1348 619 1447; x_wconf 91' lang='lat' dir='ltr'>qui</span> <span class='ocrx_word' id='word_1_47' title='bbox 639 1347 672 1421; x_wconf 89' lang='lat' dir='ltr'>se</span> <span class='ocrx_word' id='word_1_48' title='bbox 695 1346 729 1420; x_wconf 92' lang='lat' dir='ltr'>in</span> <span class='ocrx_word' id='word_1_49' title='bbox 752 1344 1031 1423; x_wconf 83' lang='lat' dir='ltr'>Africa-Caesari</span> <span class='ocrx_word' id='word_1_50' title='bbox 1054 1367 1124 1421; x_wconf 88' lang='lat' dir='ltr'>tra·</span> 
     </span>
     <span class='ocr_line' id='line_1_8' title="bbox 155 1455 1120 1557; baseline 0.002 -28"><span class='ocrx_word' id='word_1_51' title='bbox 155 1455 336 1531; x_wconf 78' lang='lat' dir='ltr'>didenrnt?</span> <span class='ocrx_word' id='word_1_52' title='bbox 362 1460 464 1557; x_wconf 81' lang='lat' dir='ltr'>Atqui</span> <span class='ocrx_word' id='word_1_53' title='bbox 477 1460 602 1532; x_wconf 78' lang='lat' dir='ltr'>&#39;cereris</span> <span class='ocrx_word' id='word_1_54' title='bbox 618 1455 756 1531; x_wconf 78' lang='lat' dir='ltr'>forsitan</span> <span class='ocrx_word' id='word_1_55' title='bbox 776 1458 865 1534; x_wconf 84' lang='lat' dir='ltr'>vitio</span> <span class='ocrx_word' id='word_1_56' title='bbox 882 1457 999 1535; x_wconf 80' lang='lat' dir='ltr'>datum</span> <span class='ocrx_word' id='word_1_57' title='bbox 1019 1456 1120 1548; x_wconf 80' lang='lat' dir='ltr'>effer,</span> 
     </span>
    </p>

    <p class='ocr_par' dir='ltr' id='par_1_7' title="bbox 155 1564 1120 1664">
     <span class='ocr_line' id='line_1_9' title="bbox 155 1564 1120 1664; baseline 0.004 -25"><span class='ocrx_word' id='word_1_58' title='bbox 155 1564 181 1639; x_wconf 86' lang='lat' dir='ltr'>st</span> <span class='ocrx_word' id='word_1_59' title='bbox 203 1566 236 1640; x_wconf 90' lang='lat' dir='ltr'>se</span> <span class='ocrx_word' id='word_1_60' title='bbox 252 1564 508 1657; x_wconf 74' lang='lat' dir='ltr'>interemissent,</span> <span class='ocrx_word' id='word_1_61' title='bbox 529 1584 704 1664; x_wconf 87' lang='lat' dir='ltr'>propterea</span> <span class='ocrx_word' id='word_1_62' title='bbox 724 1568 819 1664; x_wconf 87' lang='lat' dir='ltr'>quod</span> <span class='ocrx_word' id='word_1_63' title='bbox 839 1591 960 1641; x_wconf 82' lang='lat' dir='ltr'>eonrm</span> <span class='ocrx_word' id='word_1_64' title='bbox 982 1566 1053 1642; x_wconf 84' lang='lat' dir='ltr'>vita</span> <span class='ocrx_word' id='word_1_65' title='bbox 1070 1569 1120 1643; x_wconf 89' lang='lat' dir='ltr'>le·</span> 
     </span>
    </p>

    <p class='ocr_par' dir='ltr' id='par_1_8' title="bbox 156 1673 1119 1765">
     <span class='ocr_line' id='line_1_10' title="bbox 156 1673 1119 1765; baseline 0.003 -16"><span class='ocrx_word' id='word_1_66' title='bbox 156 1673 259 1765; x_wconf 77' lang='lat' dir='ltr'>nior,</span> <span class='ocrx_word' id='word_1_67' title='bbox 284 1693 320 1749; x_wconf 85' lang='lat' dir='ltr'>et</span> <span class='ocrx_word' id='word_1_68' title='bbox 343 1700 457 1751; x_wconf 84' lang='lat' dir='ltr'>mores</span> <span class='ocrx_word' id='word_1_69' title='bbox 481 1676 611 1750; x_wconf 83' lang='lat' dir='ltr'>fueram</span> <span class='ocrx_word' id='word_1_70' title='bbox 637 1673 830 1764; x_wconf 60' lang='lat' dir='ltr'>faciliorem</span> <span class='ocrx_word' id='word_1_71' title='bbox 852 1677 979 1751; x_wconf 70' lang='lat' dir='ltr'>(latoni</span> <span class='ocrx_word' id='word_1_72' title='bbox 1005 1696 1119 1751; x_wconf 89' lang='lat' dir='ltr'>autem</span> 
     </span>
    </p>

    <p class='ocr_par' dir='ltr' id='par_1_9' title="bbox 156 1782 1119 1884">
     <span class='ocr_line' id='line_1_11' title="bbox 156 1782 1119 1884; baseline -0.001 -22"><span class='ocrx_word' id='word_1_73' title='bbox 156 1810 235 1862; x_wconf 88' lang='lat' dir='ltr'>cum</span> <span class='ocrx_word' id='word_1_74' title='bbox 248 1786 477 1862; x_wconf 83' lang='lat' dir='ltr'>incredibilem</span> <span class='ocrx_word' id='word_1_75' title='bbox 490 1782 654 1860; x_wconf 85' lang='lat' dir='ltr'>t&#39;ribuillet</span> <span class='ocrx_word' id='word_1_76' title='bbox 670 1806 787 1860; x_wconf 76' lang='lat' dir='ltr'>natura</span> <span class='ocrx_word' id='word_1_77' title='bbox 798 1786 1016 1884; x_wconf 81' lang='lat' dir='ltr'>gravitatem,</span> <span class='ocrx_word' id='word_1_78' title='bbox 1029 1813 1119 1861; x_wconf 80' lang='lat' dir='ltr'>eam·</span> 
     </span>
    </p>

    <p class='ocr_par' dir='ltr' id='par_1_10' title="bbox 156 1892 1121 1995">
     <span class='ocr_line' id='line_1_12' title="bbox 156 1892 1121 1995; baseline 0.002 -28"><span class='ocrx_word' id='word_1_79' title='bbox 156 1916 223 1993; x_wconf 87' lang='lat' dir='ltr'>que</span> <span class='ocrx_word' id='word_1_80' title='bbox 241 1892 311 1994; x_wconf 91' lang='lat' dir='ltr'>ipse</span> <span class='ocrx_word' id='word_1_81' title='bbox 331 1918 491 1995; x_wconf 77' lang='lat' dir='ltr'>perpetua</span> <span class='ocrx_word' id='word_1_82' title='bbox 506 1892 693 1971; x_wconf 81' lang='lat' dir='ltr'>constantia</span> <span class='ocrx_word' id='word_1_83' title='bbox 714 1892 940 1967; x_wconf 66' lang='lat' dir='ltr'>roboravisset</span> <span class='ocrx_word' id='word_1_84' title='bbox 945 1894 1121 1993; x_wconf 86' lang='lat' dir='ltr'>,·semper</span> 
     </span>
    </p>
   </div>
   <div class='ocr_carea' id='block_1_4' title="bbox 98 2000 1120 2212">
    <p class='ocr_par' dir='ltr' id='par_1_11' title="bbox 98 2000 1120 2212">
     <span class='ocr_line' id='line_1_13' title="bbox 155 2000 1120 2103; baseline 0.001 -26"><span class='ocrx_word' id='word_1_85' title='bbox 155 2027 222 2101; x_wconf 84' lang='lat' dir='ltr'>que</span> <span class='ocrx_word' id='word_1_86' title='bbox 244 2003 280 2077; x_wconf 92' lang='lat' dir='ltr'>in</span> <span class='ocrx_word' id='word_1_87' title='bbox 301 2004 478 2103; x_wconf 86' lang='lat' dir='ltr'>proposito</span> <span class='ocrx_word' id='word_1_88' title='bbox 505 2004 724 2101; x_wconf 87' lang='lat' dir='ltr'>susceptoque</span> <span class='ocrx_word' id='word_1_89' title='bbox 754 2002 848 2076; x_wconf 89' lang='lat' dir='ltr'>cons</span> <span class='ocrx_word' id='word_1_90' title='bbox 848 2000 896 2075; x_wconf 89' lang='lat' dir='ltr'>bo</span> <span class='ocrx_word' id='word_1_91' title='bbox 923 2004 1120 2101; x_wconf 86' lang='lat' dir='ltr'>permanfis·</span> 
     </span>
     <span class='ocr_line' id='line_1_14' title="bbox 98 2108 1120 2212; baseline 0.001 -24"><span class='ocrx_word' id='word_1_92' title='bbox 98 2132 134 2185; x_wconf 78' lang='grc' dir='ltr'>ι·</span> <span class='ocrx_word' id='word_1_93' title='bbox 155 2112 228 2202; x_wconf 81' lang='lat' dir='ltr'>set,</span> <span class='ocrx_word' id='word_1_94' title='bbox 253 2108 466 2188; x_wconf 74' lang='lat' dir='ltr'>moriendum</span> <span class='ocrx_word' id='word_1_95' title='bbox 490 2112 626 2212; x_wconf 81' lang='lat' dir='ltr'>potius,</span> <span class='ocrx_word' id='word_1_96' title='bbox 644 2136 745 2210; x_wconf 84' lang='lat' dir='ltr'>quarn</span> <span class='ocrx_word' id='word_1_97' title='bbox 771 2111 908 2211; x_wconf 83' lang='lat' dir='ltr'>tyranni</span> <span class='ocrx_word' id='word_1_98' title='bbox 928 2114 1044 2189; x_wconf 80' lang='lat' dir='ltr'>vultur</span> <span class='ocrx_word' id='word_1_99' title='bbox 1056 2115 1120 2189; x_wconf 84' lang='lat' dir='ltr'>ad</span> 
     </span>
    </p>
   </div>
   <div class='ocr_carea' id='block_1_5' title="bbox 28 2221 1128 4193">
    <p class='ocr_par' dir='ltr' id='par_1_12' title="bbox 90 2221 1121 2635">
     <span class='ocr_line' id='line_1_15' title="bbox 90 2221 1120 2324; baseline 0.002 -25.062"><span class='ocrx_word' id='word_1_100' title='bbox 90 2224 340 2324; x_wconf 67' lang='lat' dir='ltr'>uespiciendus</span> <span class='ocrx_word' id='word_1_101' title='bbox 364 2222 438 2298; x_wconf 88' lang='lat' dir='ltr'>suit.</span> <span class='ocrx_word' id='word_1_102' title='bbox 465 2228 579 2320; x_wconf 86' lang='lat' dir='ltr'>Quam</span> <span class='ocrx_word' id='word_1_103' title='bbox 602 2225 705 2297; x_wconf 82' lang='lat' dir='ltr'>multa</span> <span class='ocrx_word' id='word_1_104' title='bbox 725 2222 833 2321; x_wconf 79' lang='lat' dir='ltr'>passus</span> <span class='ocrx_word' id='word_1_105' title='bbox 855 2221 903 2295; x_wconf 84' lang='lat' dir='ltr'>est</span> <span class='ocrx_word' id='word_1_106' title='bbox 925 2223 1091 2322; x_wconf 80' lang='lat' dir='ltr'>Ulysles</span> <span class='ocrx_word' id='word_1_107' title='bbox 1081 2251 1120 2301; x_wconf 86' lang='lat' dir='ltr'>m</span> 
     </span>
     <span class='ocr_line' id='line_1_16' title="bbox 155 2333 1121 2433; baseline 0 -22"><span class='ocrx_word' id='word_1_108' title='bbox 155 2336 216 2411; x_wconf 84' lang='lat' dir='ltr'>illo</span> <span class='ocrx_word' id='word_1_109' title='bbox 233 2362 351 2413; x_wconf 88' lang='lat' dir='ltr'>errore</span> <span class='ocrx_word' id='word_1_110' title='bbox 370 2336 554 2429; x_wconf 79' lang='lat' dir='ltr'>diuntrno,</span> <span class='ocrx_word' id='word_1_111' title='bbox 575 2360 653 2411; x_wconf 89' lang='lat' dir='ltr'>curn</span> <span class='ocrx_word' id='word_1_112' title='bbox 673 2353 707 2409; x_wconf 89' lang='lat' dir='ltr'>et</span> <span class='ocrx_word' id='word_1_113' title='bbox 727 2334 922 2408; x_wconf 76' lang='lat' dir='ltr'>mulieribus</span> <span class='ocrx_word' id='word_1_114' title='bbox 943 2333 996 2433; x_wconf 84' lang='lat' dir='ltr'>(fi</span> <span class='ocrx_word' id='word_1_115' title='bbox 1016 2335 1121 2411; x_wconf 84' lang='lat' dir='ltr'>Circe</span> 
     </span>
     <span class='ocr_line' id='line_1_17' title="bbox 155 2442 1120 2550; baseline -0.004 -25"><span class='ocrx_word' id='word_1_116' title='bbox 155 2468 197 2525; x_wconf 82' lang='lat' dir='ltr'>et·</span> <span class='ocrx_word' id='word_1_117' title='bbox 211 2451 360 2550; x_wconf 85' lang='lat' dir='ltr'>Calypso</span> <span class='ocrx_word' id='word_1_118' title='bbox 384 2452 540 2525; x_wconf 87' lang='lat' dir='ltr'>mulieres</span> <span class='ocrx_word' id='word_1_119' title='bbox 556 2447 774 2547; x_wconf 66' lang='lat' dir='ltr'>appellandae</span> <span class='ocrx_word' id='word_1_120' title='bbox 799 2442 893 2543; x_wconf 91' lang='lat' dir='ltr'>sunt)</span> <span class='ocrx_word' id='word_1_121' title='bbox 917 2447 1120 2541; x_wconf 85' lang='lat' dir='ltr'>inserviret,</span> 
     </span>
     <span class='ocr_line' id='line_1_18' title="bbox 156 2554 1120 2635; baseline -0.002 -3"><span class='ocrx_word' id='word_1_122' title='bbox 156 2576 192 2632; x_wconf 87' lang='lat' dir='ltr'>et</span> <span class='ocrx_word' id='word_1_123' title='bbox 211 2559 246 2632; x_wconf 92' lang='lat' dir='ltr'>in</span> <span class='ocrx_word' id='word_1_124' title='bbox 264 2559 361 2632; x_wconf 91' lang='lat' dir='ltr'>omni</span> <span class='ocrx_word' id='word_1_125' title='bbox 378 2561 532 2635; x_wconf 85' lang='lat' dir='ltr'>sermone</span> <span class='ocrx_word' id='word_1_126' title='bbox 550 2558 709 2631; x_wconf 83' lang='lat' dir='ltr'>omnibus</span> <span class='ocrx_word' id='word_1_127' title='bbox 726 2555 893 2628; x_wconf 81' lang='lat' dir='ltr'>affabilem</span> <span class='ocrx_word' id='word_1_128' title='bbox 915 2555 948 2630; x_wconf 93' lang='lat' dir='ltr'>se</span> <span class='ocrx_word' id='word_1_129' title='bbox 968 2554 1033 2629; x_wconf 87' lang='lat' dir='ltr'>esl&#39;e</span> <span class='ocrx_word' id='word_1_130' title='bbox 1047 2558 1120 2632; x_wconf 86' lang='lat' dir='ltr'>vel·</span> 
     </span>
    </p>

    <p class='ocr_par' dir='ltr' id='par_1_13' title="bbox 28 2665 1128 4193">
     <span class='ocr_line' id='line_1_19' title="bbox 28 2665 1118 2743; baseline -0.003 -1"><span class='ocrx_word' id='word_1_131' title='bbox 28 2680 37 2698; x_wconf 85' lang='lat'><em>⁰</em></span> <span class='ocrx_word' id='word_1_132' title='bbox 154 2668 230 2743; x_wconf 71' lang='lat' dir='ltr'>leti</span> <span class='ocrx_word' id='word_1_133' title='bbox 252 2670 354 2740; x_wconf 88' lang='lat' dir='ltr'>domi·</span> <span class='ocrx_word' id='word_1_134' title='bbox 372 2693 460 2742; x_wconf 83' lang='lat' dir='ltr'>vero</span> <span class='ocrx_word' id='word_1_135' title='bbox 482 2668 583 2741; x_wconf 88' lang='lat' dir='ltr'>eriam</span> <span class='ocrx_word' id='word_1_136' title='bbox 607 2665 828 2739; x_wconf 81' lang='lat' dir='ltr'>contumelias</span> <span class='ocrx_word' id='word_1_137' title='bbox 851 2665 1027 2739; x_wconf 80' lang='lat' dir='ltr'>serrorum</span> <span class='ocrx_word' id='word_1_138' title='bbox 1054 2691 1118 2740; x_wconf 88' lang='lat' dir='ltr'>an-</span> 
     </span>
     <span class='ocr_line' id='line_1_20' title="bbox 154 2770 1128 2870; baseline 0.003 -23"><span class='ocrx_word' id='word_1_139' title='bbox 154 2773 370 2870; x_wconf 82' lang='lat' dir='ltr'>cillarumque</span> <span class='ocrx_word' id='word_1_140' title='bbox 387 2774 545 2870; x_wconf 88' lang='lat' dir='ltr'>pertulit,</span> <span class='ocrx_word' id='word_1_141' title='bbox 558 2792 595 2845; x_wconf 88' lang='lat' dir='ltr'>ur</span> <span class='ocrx_word' id='word_1_142' title='bbox 612 2772 655 2843; x_wconf 89' lang='lat' dir='ltr'>ad</span> <span class='ocrx_word' id='word_1_143' title='bbox 677 2770 713 2842; x_wconf 91' lang='lat' dir='ltr'>id</span> <span class='ocrx_word' id='word_1_144' title='bbox 728 2771 908 2869; x_wconf 82' lang='lat' dir='ltr'>aliquando</span> <span class='ocrx_word' id='word_1_145' title='bbox 917 2804 933 2864; x_wconf 86' lang='lat'>‚·</span> <span class='ocrx_word' id='word_1_146' title='bbox 948 2775 1048 2870; x_wconf 85' lang='lat' dir='ltr'>quo&#39;d</span> <span class='ocrx_word' id='word_1_147' title='bbox 1060 2800 1128 2850; x_wconf 53' lang='lat' dir='ltr'>cut</span> 
     </span>
     <span class='ocr_line' id='line_1_21' title="bbox 153 2878 1121 2978; baseline 0.005 -26"><span class='ocrx_word' id='word_1_148' title='bbox 153 2880 288 2977; x_wconf 78' lang='lat' dir='ltr'>plebat,</span> <span class='ocrx_word' id='word_1_149' title='bbox 301 2880 503 2977; x_wconf 77' lang='lat' dir='ltr'>perveniret.</span> <span class='ocrx_word' id='word_1_150' title='bbox 527 2885 571 2952; x_wconf 75' lang='lat' dir='ltr'>At</span> <span class='ocrx_word' id='word_1_151' title='bbox 594 2878 701 2965; x_wconf 71' lang='lat' dir='ltr'>Aiax,</span> <span class='ocrx_word' id='word_1_152' title='bbox 721 2902 794 2975; x_wconf 89' lang='lat' dir='ltr'>quo</span> <span class='ocrx_word' id='word_1_153' title='bbox 816 2881 932 2953; x_wconf 79' lang='lat' dir='ltr'>mimo</span> <span class='ocrx_word' id='word_1_154' title='bbox 950 2882 1121 2978; x_wconf 75' lang='lat' dir='ltr'>traditur,</span> 
     </span>
     <span class='ocr_line' id='line_1_22' title="bbox 153 2988 1127 3088; baseline 0.002 -25"><span class='ocrx_word' id='word_1_155' title='bbox 153 2991 272 3064; x_wconf 85' lang='lat' dir='ltr'>millies</span> <span class='ocrx_word' id='word_1_156' title='bbox 291 3006 452 3087; x_wconf 81' lang='lat' dir='ltr'>oppetere</span> <span class='ocrx_word' id='word_1_157' title='bbox 469 2994 638 3076; x_wconf 62' lang='lat' dir='ltr'>mbrtem.</span> <span class='ocrx_word' id='word_1_158' title='bbox 653 3012 756 3087; x_wconf 70' lang='lat' dir='ltr'>quam</span> <span class='ocrx_word' id='word_1_159' title='bbox 769 2988 830 3063; x_wconf 88' lang='lat' dir='ltr'>illa</span> <span class='ocrx_word' id='word_1_160' title='bbox 841 2990 986 3088; x_wconf 85' lang='lat' dir='ltr'>perpeti,</span> <span class='ocrx_word' id='word_1_161' title='bbox 1006 2994 1127 3068; x_wconf 65' lang='lat' dir='ltr'>mun-1</span> 
     </span>
     <span class='ocr_line' id='line_1_23' title="bbox 150 3101 1117 3204; baseline 0.003 -27"><span class='ocrx_word' id='word_1_162' title='bbox 150 3102 235 3177; x_wconf 88' lang='lat' dir='ltr'>islet.</span> <span class='ocrx_word' id='word_1_163' title='bbox 248 3105 346 3197; x_wconf 73' lang='lat' dir='ltr'>Quae</span> <span class='ocrx_word' id='word_1_164' title='bbox 354 3101 621 3199; x_wconf 80' lang='lat' dir='ltr'>contemplanter</span> <span class='ocrx_word' id='word_1_165' title='bbox 629 3102 822 3198; x_wconf 74' lang='lat' dir='ltr'>expendere</span> <span class='ocrx_word' id='word_1_166' title='bbox 834 3103 1020 3199; x_wconf 87' lang='lat' dir='ltr'>oportebit,</span> <span class='ocrx_word' id='word_1_167' title='bbox 1032 3104 1117 3204; x_wconf 91' lang='lat' dir='ltr'>quid</span> 
     </span>
     <span class='ocr_line' id='line_1_24' title="bbox 150 3211 1122 3315; baseline 0.004 -30"><span class='ocrx_word' id='word_1_168' title='bbox 150 3217 294 3315; x_wconf 74' lang='lat' dir='ltr'>quisque</span> <span class='ocrx_word' id='word_1_169' title='bbox 307 3213 425 3289; x_wconf 67' lang='lat' dir='ltr'>tubam</span> <span class='ocrx_word' id='word_1_170' title='bbox 436 3211 484 3286; x_wconf 85' lang='lat' dir='ltr'>sui</span> <span class='ocrx_word' id='word_1_171' title='bbox 495 3239 509 3300; x_wconf 87' lang='lat'>;</span> <span class='ocrx_word' id='word_1_172' title='bbox 520 3238 627 3312; x_wconf 88' lang='lat' dir='ltr'>eaque</span> <span class='ocrx_word' id='word_1_173' title='bbox 636 3214 819 3299; x_wconf 76' lang='lat' dir='ltr'>moderari,</span> <span class='ocrx_word' id='word_1_174' title='bbox 833 3238 895 3287; x_wconf 86' lang='lat' dir='ltr'>uec</span> <span class='ocrx_word' id='word_1_175' title='bbox 909 3213 996 3289; x_wconf 86' lang='lat' dir='ltr'>velle</span> <span class='ocrx_word' id='word_1_176' title='bbox 1009 3240 1122 3315; x_wconf 82' lang='lat' dir='ltr'>expe·-</span> 
     </span>
     <span class='ocr_line' id='line_1_25' title="bbox 149 3323 1117 3427; baseline 0 -28"><span class='ocrx_word' id='word_1_177' title='bbox 149 3326 332 3427; x_wconf 68' lang='lat' dir='ltr'>ririquam</span> <span class='ocrx_word' id='word_1_178' title='bbox 346 3325 656 3400; x_wconf 80' lang='lat' dir='ltr'>sealieuedetrlmt.</span> <span class='ocrx_word' id='word_1_179' title='bbox 674 3325 710 3396; x_wconf 86' lang='lat' dir='ltr'>id</span> <span class='ocrx_word' id='word_1_180' title='bbox 728 3323 815 3396; x_wconf 84' lang='lat' dir='ltr'>enirn</span> <span class='ocrx_word' id='word_1_181' title='bbox 828 3325 976 3398; x_wconf 81' lang='lat' dir='ltr'>maxime</span> <span class='ocrx_word' id='word_1_182' title='bbox 993 3350 1117 3422; x_wconf 85' lang='lat' dir='ltr'>quem·</span> 
     </span>
     <span class='ocr_line' id='line_1_26' title="bbox 82 3430 1123 3533; baseline 0.002 -24"><span class='ocrx_word' id='word_1_183' title='bbox 82 3468 133 3519; x_wconf 72' lang='lat'>114</span> <span class='ocrx_word' id='word_1_184' title='bbox 149 3458 217 3532; x_wconf 82' lang='lat' dir='ltr'>qur</span> <span class='ocrx_word' id='word_1_185' title='bbox 240 3432 471 3533; x_wconf 78' lang='lat' dir='ltr'>decer¹,qirod</span> <span class='ocrx_word' id='word_1_186' title='bbox 483 3432 706 3531; x_wconf 82' lang='lat' dir='ltr'>estcuiusque</span> <span class='ocrx_word' id='word_1_187' title='bbox 721 3430 866 3503; x_wconf 84' lang='lat' dir='ltr'>maxime</span> <span class='ocrx_word' id='word_1_188' title='bbox 883 3432 991 3507; x_wconf 74' lang='lat' dir='ltr'>surm.</span> <span class='ocrx_word' id='word_1_189' title='bbox 1008 3436 1123 3512; x_wconf 85' lang='lat' dir='ltr'>Suum·</span> 
     </span>
     <span class='ocr_line' id='line_1_27' title="bbox 148 3538 1122 3641; baseline 0.006 -28"><span class='ocrx_word' id='word_1_190' title='bbox 148 3541 252 3638; x_wconf 80' lang='lat' dir='ltr'>igitur</span> <span class='ocrx_word' id='word_1_191' title='bbox 261 3542 405 3641; x_wconf 78' lang='lat' dir='ltr'>ququue</span> <span class='ocrx_word' id='word_1_192' title='bbox 420 3541 536 3615; x_wconf 82' lang='lat' dir='ltr'>noscat</span> <span class='ocrx_word' id='word_1_193' title='bbox 555 3543 723 3641; x_wconf 83' lang='lat' dir='ltr'>ingenium</span> <span class='ocrx_word' id='word_1_194' title='bbox 738 3565 950 3638; x_wconf 84' lang='lat' dir='ltr'>‚acremque</span> <span class='ocrx_word' id='word_1_195' title='bbox 960 3538 995 3616; x_wconf 88' lang='lat' dir='ltr'>se</span> <span class='ocrx_word' id='word_1_196' title='bbox 1007 3563 1043 3617; x_wconf 91' lang='lat' dir='ltr'>et</span> <span class='ocrx_word' id='word_1_197' title='bbox 1054 3546 1122 3618; x_wconf 89' lang='lat' dir='ltr'>bo··</span> 
     </span>
     <span class='ocr_line' id='line_1_28' title="bbox 148 3651 1124 3748; baseline 0.008 -25"><span class='ocrx_word' id='word_1_198' title='bbox 148 3651 487 3727; x_wconf 84' lang='lat' dir='ltr'>nommetvitiorum</span> <span class='ocrx_word' id='word_1_199' title='bbox 500 3652 637 3724; x_wconf 89' lang='lat' dir='ltr'>suorum</span> <span class='ocrx_word' id='word_1_200' title='bbox 654 3651 800 3743; x_wconf 87' lang='lat' dir='ltr'>iudicem</span> <span class='ocrx_word' id='word_1_201' title='bbox 812 3653 983 3748; x_wconf 64' lang='lat' dir='ltr'>praebeam</span> <span class='ocrx_word' id='word_1_202' title='bbox 995 3679 1039 3729; x_wconf 93' lang='lat' dir='ltr'>ne</span> <span class='ocrx_word' id='word_1_203' title='bbox 1051 3654 1124 3731; x_wconf 59' lang='lat' dir='ltr'>scen</span> 
     </span>
     <span class='ocr_line' id='line_1_29' title="bbox 146 3759 1111 3858; baseline 0.006 -23"><span class='ocrx_word' id='word_1_204' title='bbox 146 3762 215 3836; x_wconf 85' lang='lat' dir='ltr'>uici</span> <span class='ocrx_word' id='word_1_205' title='bbox 237 3759 330 3857; x_wconf 83' lang='lat' dir='ltr'>plus,</span> <span class='ocrx_word' id='word_1_206' title='bbox 343 3786 442 3857; x_wconf 88' lang='lat' dir='ltr'>quam</span> <span class='ocrx_word' id='word_1_207' title='bbox 463 3786 548 3846; x_wconf 82' lang='lat' dir='ltr'>noa,</span> <span class='ocrx_word' id='word_1_208' title='bbox 569 3762 745 3836; x_wconf 87' lang='lat' dir='ltr'>videantur</span> <span class='ocrx_word' id='word_1_209' title='bbox 757 3762 880 3833; x_wconf 82' lang='lat' dir='ltr'>babere</span> <span class='ocrx_word' id='word_1_210' title='bbox 902 3763 1111 3858; x_wconf 83' lang='lat' dir='ltr'>pntdentiae.</span> 
     </span>
     <span class='ocr_line' id='line_1_30' title="bbox 146 3871 1114 3970; baseline 0.004 -22"><span class='ocrx_word' id='word_1_211' title='bbox 146 3874 196 3948; x_wconf 85' lang='lat' dir='ltr'>illi</span> <span class='ocrx_word' id='word_1_212' title='bbox 213 3873 305 3946; x_wconf 91' lang='lat' dir='ltr'>enim</span> <span class='ocrx_word' id='word_1_213' title='bbox 325 3896 395 3945; x_wconf 90' lang='lat' dir='ltr'>non</span> <span class='ocrx_word' id='word_1_214' title='bbox 411 3871 578 3970; x_wconf 67' lang='lat' dir='ltr'>optimos,</span> <span class='ocrx_word' id='word_1_215' title='bbox 597 3873 653 3950; x_wconf 89' lang='lat' dir='ltr'>sed</span> <span class='ocrx_word' id='word_1_216' title='bbox 672 3873 733 3948; x_wconf 82' lang='lat' dir='ltr'>fibi</span> <span class='ocrx_word' id='word_1_217' title='bbox 751 3875 1114 3952; x_wconf 77' lang='lat' dir='ltr'>accommodatissimas</span> 
     </span>
     <span class='ocr_line' id='line_1_31' title="bbox 144 3980 1123 4083; baseline 0.008 -29"><span class='ocrx_word' id='word_1_218' title='bbox 144 3980 274 4055; x_wconf 84' lang='lat' dir='ltr'>fabulas</span> <span class='ocrx_word' id='word_1_219' title='bbox 295 3982 429 4079; x_wconf 81' lang='lat' dir='ltr'>eligunt.</span> <span class='ocrx_word' id='word_1_220' title='bbox 442 3982 507 4081; x_wconf 85' lang='lat' dir='ltr'>qui</span> <span class='ocrx_word' id='word_1_221' title='bbox 527 4008 615 4058; x_wconf 84' lang='lat' dir='ltr'>voce</span> <span class='ocrx_word' id='word_1_222' title='bbox 628 3984 706 4059; x_wconf 81' lang='lat' dir='ltr'>freti</span> <span class='ocrx_word' id='word_1_223' title='bbox 720 3984 816 4071; x_wconf 89' lang='lat' dir='ltr'>sunt,</span> <span class='ocrx_word' id='word_1_224' title='bbox 835 3984 1123 4083; x_wconf 83' lang='lat' dir='ltr'>Epigonoa‚·Me··</span> 
     </span>
     <span class='ocr_line' id='line_1_32' title="bbox 146 4090 1113 4193; baseline 0.01 -29"><span class='ocrx_word' id='word_1_225' title='bbox 146 4091 318 4192; x_wconf 79' lang='lat' dir='ltr'>dumque3</span> <span class='ocrx_word' id='word_1_226' title='bbox 331 4091 391 4189; x_wconf 90' lang='lat' dir='ltr'>qui</span> <span class='ocrx_word' id='word_1_227' title='bbox 403 4090 510 4190; x_wconf 77' lang='lat' dir='ltr'>gellu,</span> <span class='ocrx_word' id='word_1_228' title='bbox 529 4093 778 4193; x_wconf 75' lang='lat' dir='ltr'>Menalippum,</span> <span class='ocrx_word' id='word_1_229' title='bbox 791 4093 1113 4192; x_wconf 70' lang='lat' dir='ltr'>Clytaemnestram</span> 
     </span>
    </p>
   </div>
   <div class='ocr_carea' id='block_1_6' title="bbox 0 0 1174 4628">
    <p class='ocr_par' dir='ltr' id='par_1_14' title="bbox 0 0 1174 4628">
     <span class='ocr_line' id='line_1_33' title="bbox 0 0 1174 4628; baseline 0 2"><span class='ocrx_word' id='word_1_230' title='bbox 0 0 1174 4628; x_wconf 95' lang='lat' dir='ltr'> </span> 
     </span>
    </p>
   </div>
  </div>
 </body>
</html>
