2340 4628
33 598 46 623 ⁸
157 632 226 711 tta
395 632 601 707 caro
648 631 902 705 ιιιιοιι

153 794 351 871 defidemio
374 796 523 896 quidem.
555 792 639 869 nihil
659 810 771 867 autem
790 790 1003 897 molestum,
1022 792 1110 893 qood

152 928 223 977 non
237 906 407 979 desideres.
434 909 522 979 Beue
533 904 738 1001 Sophocles,
752 924 828 975 cum
849 928 958 977 exeo
979 902 1110 1003 quidam

148 1014 221 1089 iam
241 1014 360 1095 allecia
379 1036 485 1089 aetate
499 1030 689 1113 quaereret,
700 1032 888 1093 uteretume
899 1014 1003 1089 rebus
1014 1038 1109 1089 vene·

152 1124 242 1197 reis
233 1150 241 1167 ·
255 1122 318 1197 Dii
336 1118 475 1205 meliora
483 1120 628 1217 ,.inquit
657 1120 798 1195 libenter
811 1146 899 1195 vero
913 1122 1028 1213 illinc,
1040 1146 1108 1197 tan·
1152 1164 1156 1174 ·

152 1258 255 1331 quam
273 1258 293 1304 a
313 1234 456 1305 domino
476 1230 591 1331 agresti
614 1255 654 1303 ac
671 1229 802 1305 furioso
814 1230 968 1331 profugi.
987 1230 1109 1331 cupidis

153 1368 241 1416 emm
253 1370 363 1417 rerum
373 1344 505 1431 talium,
517 1340 673 1415 odiosum
683 1360 719 1417 et
729 1342 907 1417 molestum
918 1342 968 1417 ell
980 1340 1109 1417 sortalle

152 1476 288 1539 catere3
306 1452 422 1527 satiatis
435 1476 522 1527 vero
535 1450 907 1547 etexpleticiucrmdius
920 1450 969 1527 eli
981 1476 1112 1547 carere,

152 1590 252 1663 quam
266 1566 341 1639 frui.
362 1590 565 1663 quamquam
578 1590 647 1639 non
664 1588 753 1641 caret
771 1566 814 1657 is,
832 1568 891 1663 qui
906 1592 978 1641 non
989 1566 1112 1655 ‹lufidei

152 1695 214 1749 rat.
242 1678 332 1771 Ergo
351 1676 421 1749 hoc
442 1700 512 1749 non
530 1674 733 1767 desiderare,
747 1678 826 1751 dico
845 1676 912 1751 effe
927 1674 1112 1763 iucundius.

105 1810 138 1874 ⁴8
154 1812 254 1883 quam
273 1784 350 1859 frui.
375 1787 481 1879 Quod
493 1784 517 1859 li
529 1786 596 1861 illis
607 1786 685 1885 ipsis
707 1787 937 1887 voluptatibus
952 1786 1043 1861 bona
1057 1810 1111 1859 ae·

152 1920 202 1969 ras
215 1894 333 1969 fruitur
350 1896 503 1971 libentius
518 1924 529 1985 ;
548 1896 697 1993 primum
714 1898 861 1995 parvulis
874 1898 997 1973 fruitur
1009 1898 1112 1985 rebus,

152 2030 190 2079 ut
202 2006 365 2097 diximum
377 2010 498 2095 deinde
510 2008 563 2096 iis,
577 2007 701 2107 quibus
714 2008 876 2101 senedus,
888 2008 914 2081 fi
925 2034 997 2083 oon
1010 2010 1114 2083 abun-

152 2118 195 2193 de
213 2117 361 2213 potitur,
382 2144 453 2190 non
475 2118 618 2191 omnino
640 2138 739 2193 caret.
767 2124 816 2194 Ut
834 2119 1015 2217 Turpione
1033 2124 1114 2191 Am·

151 2226 249 2299 bivio
269 2228 374 2323 magis
395 2226 592 2317 dele&atur,
605 2226 663 2327 qui
674 2226 711 2299 in
724 2227 832 2326 prima
845 2252 950 2303 cavea
973 2226 1115 2325 spellam

152 2336 330 2410 deledlatur
348 2356 459 2409 tamen
474 2339 577 2412 etiam
590 2337 698 2437 quiin
714 2339 855 2415 ultima:
870 2338 914 2411 lic
927 2338 1115 2415 adolescen-

151 2448 197 2549 tia
212 2448 403 2545 voluptates
418 2476 526 2547 prope
538 2451 670 2525 intuens
690 2452 794 2551 magis
809 2450 942 2525 tortalle
956 2452 1116 2545 laetatpr:

151 2558 208 2633 sed
219 2560 396 2633 delellatur
410 2560 510 2631 etiam
520 2557 678 2647 senedlus,
688 2558 807 2656 procul
818 2584 872 2633 eas
878 2558 1039 2655 spedans,
1048 2580 1117 2631 tan·

105 2700 138 2749 ⁴⁹
154 2688 224 2743 tum
231 2690 417 2765 ,quantum
432 2669 477 2741 sat
491 2668 548 2743 est.
571 2672 614 2741 At
628 2669 682 2741 illa
695 2670 815 2767 quanti
832 2669 930 2760 sunt,
950 2669 1116 2759 animum,

152 2798 312 2875 tanquam
345 2777 493 2851 emeritis
514 2776 685 2898 stipendiis
714 2778 880 2869 libidinis,
902 2778 1118 2865 ambitionis.

151 2883 915 2985 contentionis,inimicitiarum,cupiditatum
935 2886 1122 2975 omniurn,¹

151 2993 265 3067 secum
277 2994 343 3067 elle
353 2936 563 3095 ,lecumque
579 2998 641 3088 (ut
663 2994 815 3093 dicitur)
831 2997 968 3071 vivere?
987 2994 1013 3069 li
1037 3018 1118 3069 vero

152 3105 253 3181 habet
274 3106 421 3209 aliquod
432 3126 590 3205 tanquam
599 3106 759 3203 pabulum
773 3105 873 3179 studii
886 3123 986 3204 atque
994 3102 1118 3233 dp&ri·

152 3244 236 3311 nae,
250 3219 332 3293 nihil
346 3218 393 3295 est
409 3218 518 3313 otiosa
538 3218 700 3293 senectute
717 3216 905 3293 iucundius.
933 3218 1118 3317 moripae·

153 3356 197 3405 ne
218 3326 462 3409 videbamusin
479 3326 589 3403 studio
610 3326 806 3433 ‹limepitrndi
824 3326 914 3429 coeli
932 3350 1036 3430 atqup
1050 3346 1117 3427 ter-

152 3438 262 3515 taeC.
280 3436 433 3529 Gallum,
453 3438 650 3511 familiarem
671 3436 774 3537 patris
791 3438 857 3526 tui,
873 3438 1006 3535 Scipio.
1026 3462 1117 3537 quo·

151 3544 214 3617 ties
234 3545 327 3618 illum
349 3548 407 3619 lux
432 3550 550 3635 nodo,
556 3548 687 3657 aliquid
701 3546 886 3623 describere
914 3546 1120 3645 ingressum,

151 3652 286 3751 quoties
308 3678 378 3728 nox
402 3656 587 3761 opprcllit,
608 3682 685 3732 cum
699 3680 796 3729 mane
811 3654 1118 3755 coepiffettqum

152 3758 330 3841 deleuabat
358 3792 457 3860 eum,
487 3768 693 3843 desediionm
718 3766 798 3839 solis
820 3784 856 3839 et
882 3765 979 3839 lunae
998 3768 1120 3863 mrrlmo

105 3913 137 3963 ,ο
120 3870 254 3949 onobis
273 3890 348 3947 ante
366 3823 581 3977 praedicere?
611 3874 734 3969 Quid
725 3901 761 3964 tu
779 3872 965 3951 levioribus
983 3852 1119 3967 studiis,

154 3978 209 4053 led
223 3998 333 4055 tamen
349 3981 481 4059 acutis?
508 4009 608 4083 quam
623 3980 785 4083 gaudebat
808 3984 898 4060 bello
912 3983 975 4058 suo
989 3986 1120 4061 Punico

153 4090 320 4171 Naeviiu!
334 4116 477 4199 quam
451 4094 661 4203 Trucidemo
683 4092 838 4175 Planum
856 4095 1129 4197 qluml’seullo·.
