2340 4628
43 630 47 637 ·
99 616 195 709 ,ιιι
294 616 345 690 ιι.
380 610 986 721 τυίιιιριειιιιοιιιε

117 774 253 880 plidimi
268 768 490 859 videbantut3
511 794 648 845 munera
671 770 828 863 mittere,
853 776 962 851 noan
978 770 1086 853 vade

119 890 262 963 domum
279 885 323 959 ad
342 908 442 974 eum,
457 880 585 979 precari
600 934 613 971 ‚
626 881 774 981 denique
794 884 998 985 supplicare.
1008 908 1086 985 qut

119 996 259 1075 servitus
274 994 343 1086 est,
361 991 1085 1093 fihaeclibertasexissimripotdttodd?

120 1132 201 1181 cum
218 1102 437 1203 cupiditatum
455 1100 646 1175 dominatus
655 1103 856 1192 exceffit‚et
873 1105 957 1181 alius
971 1104 1019 1179 est
1029 1104 1086 1179 do·

119 1213 231 1288 minus
251 1228 385 1286 exomts
409 1235 453 1284 ex
475 1206 674 1284 conscientia
696 1236 943 1310 peccatorum,
963 1210 1085 1289 timori

119 1348 222 1421 quam
247 1320 370 1395 esd-illa
393 1320 534 1405 misera,
555 1342 659 1416 quam
676 1320 758 1393 dura
776 1320 946 1397 servitus!
965 1318 1086 1425 adoles·

120 1430 273 1505 centibus
284 1431 385 1527 paulo
395 1425 645 1527 loquacioribus
656 1424 705 1500 est
714 1427 1088 1517 serviendumtomnet,

120 1538 181 1636 qui
196 1537 322 1635 aliquid
340 1534 422 1609 scite
442 1534 619 1620 videntur,
635 1549 791 1632 tanquam
805 1537 960 1625 domini,
971 1534 1087 1611 timen-

120 1662 187 1720 tur.
216 1644 319 1716 ludex
341 1666 427 1717 vero
446 1664 611 1740 quantem
633 1642 732 1715 habet
756 1644 1001 1721 domimtum?
1022 1666 1086 1743 quo

120 1755 243 1831 timore
261 1776 421 1828 nocentes
439 1746 570 1835 adicit?
592 1760 648 1831 An
667 1778 737 1829 nott
756 1755 805 1831 est
831 1758 947 1833 omnis
963 1774 1088 1843 mene,

121 1862 291 1939 servitus?
310 1864 403 1957 Quid
423 1865 515 1937 valet
532 1864 634 1962 igitur
653 1864 707 1937 iila
730 1864 996 1963 eloquentiffimi
1010 1864 1088 1953 viri,

121 1974 161 2047 1,,
181 1972 317 2062 craffi,
346 1972 484 2069 copiosa
510 1974 638 2073 magis,
664 1998 765 2073 quam
794 1975 927 2073 sapiens
957 1975 1086 2049 oratio!

122 2089 245 2179 Eripite
267 2112 328 2157 nos
348 2114 390 2158 ex
403 2088 565 2180 servitute.
590 2085 741 2184 quaeest
763 2085 823 2158 ista
849 2086 1089 2175 servittem

121 2194 216 2269 claro
236 2196 391 2283 homini,
416 2214 549 2294 tamque
570 2195 702 2267 nobili?
717 2195 842 2269 Omnis
863 2197 971 2269 animi
985 2196 1089 2271 debili·

122 2303 208 2391 tati,
237 2320 271 2375 et
293 2303 453 2392 humilis,
477 2327 511 2377 et
541 2304 632 2377 stadii
660 2304 845 2391 timiditas,
873 2305 1017 2379 servitus
1038 2303 1089 2380 est.

123 2413 233 2482 Nolite
245 2411 351 2509 fincte
376 2438 436 2484 nos
453 2414 600 2506 cuiquam
611 2413 739 2505 servire.
762 2414 799 2482 ln
817 2409 1009 2484 libertatem
1023 2412 1089 2487 vin·

124 2519 229 2594 dicati
249 2520 344 2594 vulti
361 2521 509 2594 minime.
532 2522 626 2615 Quid
643 2522 732 2595 enim
747 2520 921 2618 adiutigit?
936 2522 1090 2622 nfivobis

123 2634 287 2719 univerts,
301 2627 318 2726 (
331 2629 505 2701 dominum
531 2652 679 2717 mutare,
694 2654 763 2702 non
781 2628 866 2702 liber
887 2629 952 2705 eise
976 2631 1089 2725 vult,)

123 2740 234 2828 quibus
256 2760 285 2805 ιι
298 2734 465 2832 poffmdus
489 2760 517 2807 ιι
536 2741 687 2811 debemus.
716 2740 789 2811 Nos
807 2762 915 2829 vero,
932 2739 1101 2837 siquidem¹

122 2843 238 2915 animo
268 2845 422 2930 excelso,
447 2866 482 2917 et
506 2846 599 2932 alto,
625 2871 659 2919 et
687 2847 870 2927 virtutibtu
894 2871 1091 2948 exaggerato

124 2950 258 3040 sumus,
279 2975 342 3025 nec
365 2953 545 3046 debemus,
565 2981 628 3031 nec
651 2957 850 3054 possumus·
872 2958 929 3031 Tu
952 2959 1093 3056 possete

123 3058 257 3151 dicito,
280 3061 439 3158 quoniam
461 3063 599 3161 quidem
621 3087 738 3164 potes:
753 3067 875 3141 debere
889 3092 931 3140 ne
945 3068 1092 3155 dixeds3

125 3168 288 3265 quoniam
308 3166 389 3241 nihil
402 3171 579 3270 quisquam
601 3175 719 3264 debet,
740 3174 800 3247 nist
817 3175 914 3272 quod
934 3175 985 3249 est
999 3198 1095 3274 turpe

126 3308 199 3357 non
222 3285 369 3359 reddere.
392 3284 454 3356 Sed
475 3285 556 3359 haec
577 3285 744 3359 hedenus.
771 3285 827 3359 llle
851 3284 990 3375 videat,
1011 3308 1096 3384 quo·

127 3398 236 3470 modo
256 3398 437 3493 imperator
461 3396 525 3471 esde
547 3397 670 3494 poffit:
691 3420 768 3469 cum
792 3418 870 3468 eum
889 3418 931 3466 ne
953 3394 1098 3472 liberum

127 3507 264 3603 quidem
285 3506 350 3580 esse
368 3506 454 3581 ratio
475 3524 509 3579 et
528 3507 652 3581 veritas
671 3505 740 3604 ipsa
759 3505 954 3581 convincat.

285 3628 789 3702 PARADOXON
851 3630 936 3702 Vl.

317 3733 382 3796 Ὀτι
401 3734 511 3813 {dovoti
529 3756 613 3811 σοφος
630 3755 767 3799 mene.

322 3833 434 3899 Solum
446 3830 622 3924 sapientem
647 3828 702 3930 effe
725 3835 866 3904 divitema

92 3968 110 4021 ι
179 3935 277 4027 Quae
291 3934 339 4008 est
354 3934 413 4007 ista
430 3937 465 4009 in
482 3942 775 4013 commemoranda
789 3940 932 4038 pecunia
952 3955 1010 4013 tua
1027 3956 1095 4013 tam

129 4038 272 4118 insolens
285 4042 488 4122 ostentatio?
506 4048 636 4129 solusne
651 4070 689 4125 tu
705 4050 825 4130 dives?
852 4050 945 4128 Proh
966 4050 1015 4127 dii
1033 4051 1099 4135 ime
