2340 4628
72 39 1161 327 Ε-

167 619 215 712 48
413 619 504 694 na
551 616 909 691 orrrcrrs

166 799 298 870 autem,
319 804 406 881 quae
425 779 565 881 proprie
584 777 717 876 lingulis
734 777 784 853 esi
803 778 937 853 tributa.
961 772 1014 853 Ut
1034 772 1128 850 enim

165 893 201 966 in
225 894 425 991 corporibus
446 916 583 991 magnae
605 888 887 963 dissimilitudines
907 883 1129 986 sunt;(alioe

162 1006 255 1079 eninr
273 1003 429 1079 videmus
446 1004 628 1079 velocitate
650 1003 693 1074 ad
717 1002 872 1093 cursum,
891 1002 977 1075 alios
995 998 1127 1075 viribus

162 1112 206 1185 ad
223 1116 411 1188 sudandum
433 1114 570 1187 valere:
593 1112 741 1210 itemque
763 1111 800 1183 in
820 1109 942 1187 formis
959 1110 1032 1183 aliis
1050 1106 1127 1211 dig·

162 1224 298 1297 nitatem
319 1221 441 1312 inesse,
460 1224 533 1296 aliis
544 1216 802 1319 venustatem)
818 1219 864 1295 fic
877 1221 914 1294 in
930 1217 1051 1293 animis
1063 1242 1126 1290 er·

100 1350 145 1404 ns
162 1332 273 1407 srslunt
288 1331 386 1406 etiam
409 1332 552 1405 maiores
568 1330 753 1404 varietates.
778 1334 857 1403 Erat
873 1330 910 1405 in
927 1334 966 1404 1.
981 1325 1125 1417 Crasso,

102 1515 107 1523 .
159 1465 196 1516 et
217 1445 252 1517 in
275 1447 311 1516 t„
330 1442 486 1541 Philippo
505 1441 627 1514 multus
644 1441 741 1536 lepos
755 1465 766 1513 r
779 1442 890 1514 maior
907 1441 1032 1530 etiam,
1052 1461 1123 1533 rna·

159 1552 274 1647 gisque
296 1550 339 1621 de
363 1548 520 1621 industria
549 1548 585 1620 in
610 1549 654 1620 C.
678 1546 841 1642 Caesare,
868 1553 906 1623 1.
928 1553 963 1622 F.
996 1554 1044 1622 Ar
1063 1548 1123 1621 iis·

159 1660 237 1729 dern
250 1657 456 1754 temporibus
472 1657 507 1729 in
527 1660 576 1728 M.
591 1657 738 1745 Scauro,
749 1676 783 1730 et
796 1657 831 1731 in
845 1662 893 1731 Μ.
909 1659 1025 1733 Druso
1037 1659 1122 1733 ado·

76 1778 80 1787 '
158 1767 319 1854 lescente,
332 1768 499 1867 singularis
514 1767 695 1842 severitas:
713 1764 748 1838 in
762 1770 805 1841 C.
818 1770 934 1843 Laelio
951 1771 1056 1844 multa
1069 1766 1122 1841 hi·

159 1873 268 1947 laritas
285 1900 295 1947 r
315 1874 440 1948 ineius
461 1873 616 1946 familiari
639 1872 797 1970 Scipione
823 1875 964 1950 ambitio
984 1877 1122 1964 maior,

158 1983 229 2056 vita
251 1984 387 2059 trillior.
415 1989 471 2061 De
493 1986 630 2059 Graecis
654 2007 788 2075 autem,
808 1988 943 2061 dulcem
964 2009 1000 2062 et
1023 1983 1119 2061 sace·

158 2111 251 2185 tum,
272 2095 447 2194 festivique
470 2097 651 2183 sermonis,
675 2111 773 2193 atque
792 2097 829 2169 in
848 2097 943 2170 omni
964 2095 1121 2170 oratione

157 2202 405 2297 fimulatorem,
427 2231 529 2304 quem
555 2239 653 2297 orpora
682 2205 804 2279 Graeci
831 2206 1120 2305 nominaverunt,

92 2332 99 2343 '
157 2319 331 2387 Socratem
352 2315 565 2412 accepimus:
588 2334 729 2399 contra,
757 2314 981 2413 Pythagoram
1002 2335 1037 2388 et
1056 2314 1121 2386 lle·⁴

155 2421 271 2497 riclem
295 2425 454 2499 summam
478 2423 705 2498 aulloriratem
733 2420 956 2509 consecutos,
974 2424 1042 2499 fine
1064 2422 1119 2497 ul·

156 2533 189 2606 la
205 2533 375 2608 hilaritate.
398 2532 563 2607 Callidum
579 2530 819 2620 Hannibalem,
839 2555 879 2603 ex
901 2534 1118 2616 Poenorum

155 2668 198 2716 ex
214 2646 333 2717 nostris
353 2646 492 2719 ducibus
511 2647 558 2738 Q.
578 2643 764 2715 Maximum
786 2641 997 2739 accepimus:
1021 2643 1118 2720 facile

155 2749 279 2839 celare,
291 2770 419 2836 tacere,
433 2750 649 2836 diffimulare,
670 2749 831 2837 insidiari,
850 2751 1042 2847 praecipere
1055 2751 1120 2825 ho·

42 2882 45 2887 ·
155 2857 253 2931 stium
271 2858 416 2932 confina.
440 2863 477 2931 ln
491 2883 561 2955 quo
577 2886 698 2958 genere
717 2860 838 2933 Graeci
851 2859 1116 2938 Themistoclem

154 2992 190 3044 et
220 2973 398 3045 Pheraeum
426 2971 573 3043 Iasonem
599 2972 717 3045 ceteris
741 2991 958 3068 anteponunt.
983 2973 1020 3045 in
1045 2976 1116 3071 pri·

155 3083 284 3183 misque
303 3080 471 3156 versutum
490 3099 523 3153 et
544 3081 699 3156 callidum
724 3082 848 3155 fastum
866 3082 1021 3171 Solonis3
1034 3084 1115 3182 qui,

154 3219 226 3293 quo
239 3214 273 3267 et
293 3195 397 3268 tutior
415 3193 485 3264 vita
504 3191 576 3265 eius
594 3192 691 3275 esset,
711 3212 744 3266 et
764 3193 839 3290 plus
856 3193 1026 3289 aliquanto
1044 3196 1116 3267 rei-

89 3342 137 3391 109
154 3303 307 3402 publicae
325 3302 509 3401 prodesset,
524 3301 634 3375 furere
649 3301 680 3374 se
694 3303 870 3377 simulavit.
896 3306 980 3376 Sunt
992 3304 1044 3377 his
1056 3303 1114 3377 alii

154 3415 297 3486 multum
320 3414 484 3511 dispares,
502 3413 665 3511 simplices
686 3434 720 3487 et
738 3415 865 3510 aperti;
887 3413 946 3512 qui
970 3414 1055 3486 nihil
1071 3440 1114 3489 er

154 3525 313 3612 occulto,
334 3525 415 3597 nihil
436 3551 477 3597 ex
500 3522 624 3596 infidiis
646 3524 813 3623 agendum
833 3542 970 3619 putant,
991 3524 1114 3597 verita·

154 3632 197 3703 tis
216 3636 374 3721 cultores,
389 3634 510 3707 fraudis
526 3636 678 3709 inimici:
694 3637 840 3734 itemque
854 3633 923 3720 alii,
941 3635 1000 3732 qui
1014 3635 1113 3735 quid·

136 3741 205 3829 xvis
223 3743 462 3838 perpetiantur,
476 3742 583 3818 cuivis
601 3743 804 3833 deserviant,
821 3746 1031 3841 dum,quod
1047 3769 1111 3817 ve·

154 3851 239 3937 lint,
260 3853 518 3949 consequantur,
541 3878 578 3929 ut
603 3856 708 3928 Sullae
730 3860 779 3928 M.
795 3854 945 3929 Crassum
969 3855 1111 3929 videba-

153 3986 238 4035 mus.
253 3984 322 4058 quo
338 3960 370 4033 in
384 3986 504 4059 genere
515 3965 770 4038 versutissimum
789 3983 823 4037 et
840 3966 1109 4060 patientissimum

151 4072 450 4147 lacedaemonium
471 4075 677 4173 Lysandrum
699 4079 904 4176 accepimus3
923 4103 1110 4182 contraque
