2340 4628
349 636 573 709 LIBER
619 639 701 713 111.
942 664 1009 743 ¹¹5

46 795 113 872 elle
129 797 258 871 tadum
271 796 309 871 in
323 796 518 897 quibusdam
538 796 802 888 commentariis;
818 800 1011 898 praesertim

49 935 127 983 cum
152 910 276 985 scribat
287 963 300 1000 ,
311 909 439 983 nullum
457 909 522 983 else
534 909 648 982 locum
666 909 699 982 in
713 929 785 984 tota
805 912 1013 1009 philosophia

52 1038 120 1103 tam
132 1018 366 1093 necessarium.
387 1017 530 1090 Minime
544 1042 629 1092 vero
642 1016 796 1090 attentior
809 1018 868 1104 iis,
878 1022 937 1117 qui
952 1047 1012 1094 nc·
1028 1046 1048 1099 9

52 1149 147 1225 gant,
156 1154 237 1202 eum
250 1128 364 1202 locum
376 1153 395 1199 a
405 1126 559 1199 Panaetio
573 1125 915 1223 praetermissum‚sed
928 1120 1016 1202 coti·

54 1236 140 1313 sulro
156 1237 327 1325 relidum,
343 1260 404 1309 nec
418 1234 560 1307 omnino
579 1233 786 1308 scribendum
801 1235 918 1328 fuisse,
939 1239 1017 1335 quia

54 1369 227 1445 nimquam
249 1344 359 1442 pollet
374 1344 496 1417 utilitas
513 1369 591 1416 cum
608 1341 776 1417 honestate
796 1371 962 1444 pugnare:
975 1349 1018 1422 de

56 1477 124 1550 quo
144 1453 287 1526 alterum
305 1449 413 1548 potest
430 1453 552 1524 habere
573 1450 838 1541 dubitationem
860 1454 1033 1529 adhibeo-⁸

55 1564 179 1639 dumne
198 1562 302 1637 fuerit
321 1564 388 1637 hoc
405 1588 525 1662 genus,
545 1564 639 1661 quod
664 1565 699 1636 in
722 1564 883 1640 divisone
904 1570 1023 1642 Panae·

57 1673 96 1745 tii
112 1670 251 1747 tertium
268 1669 315 1745 esl
324 1726 338 1761 ,
350 1697 393 1744 an
412 1673 509 1769 plane
531 1672 774 1760 omittendum
791 1673 932 1748 alterum
953 1676 1022 1749 du·

57 1780 158 1857 bitari
178 1803 251 1853 non
277 1778 401 1877 potest,
423 1780 506 1879 quin
531 1807 550 1854 a
570 1785 724 1857 Panaetio
748 1783 930 1883 susceptum
954 1784 1021 1880 stt,

57 1891 112 1967 sed
133 1891 299 1965 relidunt.
329 1915 405 1964 nam
435 1893 493 1990 qui
519 1920 538 1968 e
565 1895 728 1969 divisione
752 1897 916 1995 tripartita
940 1901 1023 1974 duas
1100 1974 1102 1979 ,

57 2020 167 2099 partes
188 1986 391 2090 absolserit,
414 2001 492 2075 huic
515 2003 640 2077 necesse
664 2002 711 2077 est
737 2003 854 2079 restare
877 2008 1021 2082 tertiam.

60 2114 233 2184 Praeterea
247 2109 282 2180 in
297 2128 450 2183 extremo
471 2111 559 2184 libro
575 2112 676 2186 tertio
699 2114 743 2187 de
759 2113 819 2186 hac
840 2135 932 2212 parte
946 2116 1027 2212 pol·

60 2224 180 2297 licetur
206 2219 238 2293 se
264 2219 420 2315 deinceps
448 2221 513 2294 esse
535 2224 709 2296 dicturum.
738 2228 878 2300 Accedit
903 2231 1025 2300 eodem
1045 2254 1075 2298 m

61 2330 151 2406 testis
169 2330 341 2426 locuples,
356 2329 572 2419 Pofidonius,
585 2332 644 2428 qui
655 2333 755 2405 etiam
773 2334 884 2406 scribit
896 2336 931 2406 in
945 2362 1028 2433 qua·

63 2442 138 2513 dam
158 2437 316 2535 epistola,
330 2439 365 2508 P.
380 2436 541 2509 Rutilium
560 2437 685 2508 Rufum
701 2440 811 2511 dicere
829 2441 955 2531 solere,
969 2433 1030 2540 qui

64 2536 439 2637 Panaetiumuudierat,
460 2565 496 2619 ut
511 2553 613 2618 nemo
628 2546 736 2642 pictor
757 2547 836 2620 esset
853 2547 1031 2643 inventus,

65 2663 123 2761 qui
141 2662 238 2733 eoae
261 2660 401 2733 Veneris
423 2684 496 2731 eam
520 2676 668 2755 partem,
688 2682 788 2755 quam
806 2659 958 2755 Appelles
976 2661 1031 2736 in·

66 2775 223 2846 choatam
239 2768 435 2867 reliquisset,
451 2769 654 2841 absolveret:
670 2767 765 2867 (oris
778 2769 867 2842 enim
883 2772 1030 2867 pulchri·

67 2886 150 2960 tudo
171 2882 291 2978 reliqui
309 2882 462 2978 corporis
474 2880 625 2953 imitandi
639 2879 730 2977 spem
743 2878 910 2953 auferebat
925 2907 934 2952 z
952 2878 970 2978 )
984 2880 1032 2955 fic

68 3017 226 3092 ea,quae
241 2993 410 3087 Panaetius
430 2990 711 3089 praetermisisset,
725 3010 758 3062 et
780 3016 850 3063 non
871 2990 1031 3087 perfecis-

13 3102 17 3111 ’
68 3104 131 3192 set,
154 3121 296 3198 propter
314 3125 454 3187 eorum,
470 3124 552 3196 quae
564 3098 767 3197 perfecisset,
780 3095 1033 3194 praestantiam,

69 3214 240 3289 neminem
268 3210 332 3282 elle
352 3209 568 3306 persecutum.

116 3316 356 3408 Quamobrem
368 3315 409 3387 de
423 3313 549 3388 iudicio
570 3312 714 3387 Panaetii
730 3309 872 3384 dubitari
886 3334 954 3382 non
969 3332 1033 3407 po·
1053 3330 1071 3404 3

72 3423 304 3511 testzredlene·
320 3439 430 3493 autem
451 3421 536 3492 hanc
558 3421 686 3492 tertiam
704 3440 831 3514 partem
854 3417 896 3488 ad
918 3420 1033 3516 exqui·
1056 3446 1081 3481 n

74 3535 216 3608 rendum
238 3526 387 3611 officium
405 3528 612 3614 adiunxerit,
634 3553 676 3597 an
697 3527 807 3615 secus,
830 3526 872 3600 de
900 3550 942 3599 eo
964 3526 1036 3601 sor·
1139 3598 1147 3605 .

75 3644 153 3718 tasse
167 3640 324 3736 disputari
341 3640 457 3737 potest.
472 3641 560 3711 Nam
573 3637 640 3712 stve
652 3636 840 3729 honestum,
853 3637 959 3712 solum
971 3637 1037 3712 bo·

77 3780 155 3826 num
165 3750 227 3837 est,
237 3771 273 3827 ut
282 3749 401 3831 Stoicis
414 3748 541 3846 placet;
556 3748 622 3820 sive
636 3748 730 3844 quod
745 3747 917 3823 honestum
933 3747 991 3838 est,
1002 3749 1038 3821 id

79 3866 121 3938 ita
136 3864 312 3938 summum.
327 3861 453 3937 bonurn
466 3859 531 3950 est,
545 3861 823 3958 quemadmodum
843 3858 1038 3956 Peripateti·-

10 3992 13 4045 t
80 3973 257 4067 tisnoslris
270 3972 428 4058 videtur,
441 3991 477 4042 ut
491 3969 604 4039 omnia
619 3993 660 4039 ex
677 3969 774 4041 altera
787 3987 879 4065 parte
898 3968 1040 4042 colloca·

82 4101 133 4178 tn,
146 4086 207 4173 vill
218 4081 353 4173 minimi
368 4077 530 4157 momenti
539 4074 638 4151 instar
651 4077 792 4245 habeapp
800 4102 812 4162 ;
823 4075 1040 4150 dubitandum

820 4200 840 4247 a
