2340 4628
489 425 493 432 ι

298 562 301 569 ’
394 603 751 708 tranunt
982 555 1123 724 '¹35⁴

88 766 170 843 haee
190 765 367 867 aquatio:
357 765 440 840 .hac
459 767 536 838 villa
556 765 608 838 illi
626 772 737 843 carere
763 790 832 839 non
848 765 992 863 possunt.
1011 773 1064 843 lu·

90 879 207 954 cenlrrs
235 877 368 951 Canius
380 862 596 1000 cupiditate,
617 877 790 950 contendit
815 902 834 949 a
857 876 1013 976 Pythio,
1025 898 1065 954 ut

92 991 272 1062 venderet.
286 987 503 1061 Gravateille
524 987 647 1084 primo.
639 985 900 1084 quidmulta?
891 1006 1064 1083 impetratt

95 1101 176 1171 emit
197 1100 311 1176 homo
332 1098 472 1194 cupidus
488 1118 522 1171 er
540 1098 711 1196 locuples,
728 1097 836 1187 tanti,
854 1099 968 1197 quanti
994 1104 1065 1212 Py·

97 1209 185 1282 thius
196 1207 344 1305 vbluit,
351 1230 390 1287 et
412 1207 492 1279 emit
514 1206 713 1281 instructos:
726 1206 863 1279 nomina
884 1206 991 1282 facit:
979 1212 1110 1282 ·'ne·

97 1316 226 1410 gotium
251 1311 399 1388 coniicit.
432 1313 551 1391 invitat
583 1316 707 1390 Canius
734 1315 894 1413 postridie
922 1316 1064 1392 familia-

98 1447 147 1496 tes
168 1422 261 1498 suos
274 1423 368 1498 venit
389 1421 456 1520 ipse
475 1440 613 1497 mature.
634 1422 790 1497 scalmum
810 1424 936 1498 nullum
959 1424 1064 1501 videt.

99 1531 226 1627 quaerit
240 1554 290 1602 ex
297 1526 456 1626 proximo
471 1530 601 1618 vicino,
608 1557 697 1605 num
712 1531 813 1606 seriae
825 1533 986 1631 quaedam
1002 1533 1065 1631 pis·

99 1655 251 1709 catorum
283 1630 406 1726 ellent,
430 1636 522 1763 quod
547 1660 605 1709 eos
622 1637 730 1710 nullos
753 1640 894 1712 videret.
916 1639 1063 1730 Nullae,

100 1743 226 1845 (quod
242 1745 410 1845 sciam,)
402 1749 508 1847 inquit
530 1748 607 1825 ille:
622 1750 680 1824 sed
697 1750 751 1825 hic
758 1751 889 1849 piscari
904 1752 986 1827 nulli
1008 1755 1061 1829 so-

98 1855 172 1930 lent.
193 1858 307 1957 itaque
334 1859 404 1932 heri
429 1861 572 1936 mirabar
585 1863 703 1961 „quid
731 1863 906 1938 accidisset.
929 1865 1060 1939 Stoma·
1076 1882 1109 1935 6·

98 1966 188 2039 chari
200 1967 335 2043 Canius.
347 1969 412 2042 Sed
426 1970 508 2067 quid
521 1970 664 2045 faceret?
678 1973 825 2044 nondum
839 1970 929 2045 enim
943 1974 1059 2071 Aquil-

98 2073 176 2162 ius,
190 2073 321 2171 collega
342 2094 376 2147 et
399 2071 566 2148 familiaris
589 2099 700 2165 meus,
713 2077 896 2172 protulerat
913 2076 954 2150 de
975 2078 1059 2151 dolo

99 2185 185 2255 malo
196 2182 376 2268 formulas,
387 2183 419 2265 in
430 2183 547 2281 quibus
559 2184 634 2280 ipfis
645 2210 721 2257 cum
730 2209 772 2256 ex
784 2210 826 2258 eo
834 2207 1059 2284 quaereretur,

97 2296 175 2388 quid
195 2295 277 2366 effet
295 2300 384 2369 dolus'
399 2301 520 2380 malu53
535 2295 766 2390 respondebat,
791 2299 870 2366 Cum
886 2296 954 2394 effer
966 2301 1060 2380 aliud

91 2405 273 2500 fimularum
284 2461 294 2491 ,
306 2409 398 2477 aliud
413 2404 527 2473 adum.
542 2403 618 2474 Hoc
633 2404 767 2498 quidem
782 2403 856 2475 sane
865 2404 1058 2492 luculenter,

98 2517 180 2586 utab
189 2514 326 2585 homine
337 2514 442 2610 perito
451 2512 737 2609 deliniendiErgo
748 2513 1059 2610 ulphiacum·

97 2649 150 2696 nes
164 2625 255 2696 aliud
268 2643 400 2721 agentes
414 2679 425 2712 ,
437 2625 525 2696 aliud
539 2621 733 2712 fimulanteS,
747 2622 884 2721 perfidi,
897 2625 1058 2721 improbi,

97 2733 247 2806 malitiosi
261 2733 341 2806 sunt.
358 2734 493 2804 Nullum
509 2732 607 2829 igitur
615 2731 735 2808 fadum
745 2726 863 2804 eorum
875 2733 984 2829 potest
998 2733 1057 2806 uti·

95 2843 209 2929 leelle,
219 2868 296 2915 eum
311 2842 347 2915 lit
360 2864 411 2914 tor
422 2841 512 2914 vitiis
525 2842 741 2939 inquinatum.
755 2844 889 2936 Quodsi
901 2844 1054 2940 Aquillia·
1076 2861 1125 2936 ις·

95 2977 133 3022 na
147 2951 303 3026 definitio
318 2978 397 3025 vera
408 2951 474 3034 est3
488 2979 528 3025 ex
539 2954 632 3027 omni
640 2954 708 3026 vita
717 2954 895 3044 simulatio,
907 2954 1054 3026 dissimu-

95 3062 240 3158 latioque
265 3061 411 3133 tollenda
431 3062 488 3134 ell.
519 3063 561 3134 ita
582 3088 642 3136 nec
662 3086 698 3135 ut
720 3084 809 3136 emat
830 3065 968 3149 melius,
993 3087 1055 3133 nec

94 3191 129 3244 ut
144 3172 289 3255 vendat,
305 3171 486 3268 quidquam
504 3173 688 3261 simulabit,
703 3192 757 3244 aut
769 3174 980 3245 diffimulabit
1001 3172 1055 3243 vir

93 3285 212 3357 bonus.
239 3288 353 3378 Atque
377 3281 435 3353 ille
460 3284 554 3356 dolus
576 3285 681 3355 malus
709 3282 809 3355 etiam
832 3281 957 3376 legibus
984 3298 1053 3350 emt
1070 3298 1098 3349 ci

93 3395 299 3481 vindicatus,
316 3412 352 3466 ut
371 3393 472 3466 tutela
496 3417 549 3465 x11
572 3393 711 3479 tabulis,
733 3413 767 3464 et
789 3387 1054 3485 circumscriptio

93 3501 350 3575 adolescentium
364 3501 434 3597 lege
448 3501 600 3572 Laetoria
614 3525 625 3584 ;
638 3499 755 3572 etsme
770 3497 840 3594 lege
852 3495 1002 3589 iudiciis,
1018 3500 1053 3570 in

92 3612 210 3709 quibus
232 3608 384 3695 additur,
399 3631 447 3680 rx
468 3629 553 3680 frua
572 3628 688 3680 Boua.
708 3607 923 3705 Reliquorum
942 3632 1053 3680 aurem

91 3721 291 3799 iudiciorum
306 3717 385 3791 haec
400 3719 504 3791 verba
519 3717 660 3788 maxime
674 3718 853 3792 excellunt:
867 3717 901 3788 in
915 3719 1053 3790 arbitrio

93 3829 137 3900 rei
155 3827 321 3913 uxoriae,
338 3845 699 3915 MEL1U8,AEQU1US;
715 3826 747 3897 in
768 3824 903 3911 fiducia,
918 3848 969 3899 υτ
990 3850 1052 3899 ru·

93 3956 162 4009 tra
185 3957 315 4011 aomos
337 3959 432 4009 oruc
459 3959 587 4009 actea.
614 3935 707 4030 Quid
731 3944 906 4035 ergo?aut
927 3939 961 4007 in
988 3962 1053 4025 eo,

93 4049 183 4145 quod
196 4067 355 4139 mrum,
373 4067 540 4134 AEQUIUS
550 4101 561 4140 ,
578 4044 682 4144 potest
696 4045 759 4121 ulla
773 4072 845 4215 plars
859 4044 956 4120 inelle
969 4043 1053 4118 frau·
1162 4102 1164 4110 ,

706 4168 724 4215 e
822 4169 851 4236 ·4
940 4175 951 4192 ,
