2340 4628
163 664 215 746 9⁰
390 632 884 722 DEOFFICHS

160 831 332 882 manarum
352 807 507 883 manebit.
527 807 641 883 ateius
655 805 815 895 filii‚nec
835 803 911 882 vivi
930 802 1123 903 probabas

159 934 215 991 tur
238 919 335 994 bonis
347 932 412 1007 ,‘et
429 921 554 994 mortui
578 944 751 993 numemm
771 917 926 993 obtinent
945 917 1020 990 iure
1039 936 1122 986 cae-

97 1046 138 1122 13
161 1027 286 1102 sonum.
313 1031 385 1124 Qui
406 1030 509 1129 igitur
530 1028 668 1125 adipisci
690 1055 806 1104 veram
830 1028 975 1128 gloriam
998 1023 1096 1099 volet
1108 1072 1123 1111 a

160 1134 299 1212 bustitiae
316 1139 469 1239 fungatur
489 1138 621 1215 officiis.
638 1164 677 1217 ea
697 1162 784 1240 quae
802 1137 920 1229 essent,
932 1135 1061 1211 didam
1072 1128 1121 1208 est
1147 1202 1158 1233 J,

159 1243 247 1318 libro
266 1245 448 1346 superiore.

109 1396 145 1448 ⁴⁴
212 1359 297 1442 Sed,
311 1377 348 1431 ut
364 1359 537 1444 facillime,
549 1357 662 1457 quales
682 1357 801 1452 fimus,
819 1358 901 1432 tales
915 1353 983 1431 effe
1002 1351 1122 1429 videa·

162 1492 260 1557 mur,
282 1468 340 1542 etsi
356 1471 393 1543 in
413 1496 457 1544 eo
479 1470 552 1567 ipso
573 1470 625 1545 vis
646 1470 789 1544 maxima
802 1469 872 1561 eli,
886 1485 925 1542 ut
943 1467 1044 1543 samos
1067 1462 1121 1553 ii,
1140 1512 1144 1524 ·

162 1575 220 1670 qui
234 1577 345 1650 haberi
359 1577 520 1662 velimus,
538 1594 648 1651 tamen
665 1578 829 1674 quaedam
845 1578 1020 1674 praecipu
1039 1570 1120 1644 dan·

163 1683 205 1755 da
224 1683 305 1756 sunt.
323 1709 398 1756 nam
420 1684 445 1758 li
466 1687 539 1784 quis
555 1686 597 1758 ab
609 1686 741 1761 ineunte
757 1703 860 1761 aetate
876 1683 977 1757 habet
990 1679 1120 1756 mursam

162 1792 358 1867 celebritatis
368 1816 403 1867 et
415 1796 577 1883 nominis‚'
588 1820 645 1870 aut
660 1822 679 1870 a
694 1816 786 1894 patre
799 1813 990 1892 acceptam,
1003 1788 1121 1888 (quod

162 1901 245 1989 tibi,
258 1901 305 1975 mi
315 1903 440 1978 Cicero
451 1959 463 1996 ,
473 1907 619 2007 arbitror
630 1904 838 2005 contigisse)
852 1921 908 1977 aut
916 1902 1033 2000 aliquo
1044 1895 1121 1972 casu

163 2032 264 2112 atque
285 2015 440 2104 fortuna;
454 2017 488 2091 in
500 2021 590 2096 hunc
600 2020 690 2094 oculi
706 2018 858 2092 omnium
872 2002 1126 2096 coniiciuntur,¹

163 2146 263 2223 atque
278 2125 313 2198 in
330 2153 426 2217 eum,
440 2130 520 2227 quid
544 2149 637 2227 agat,
650 2125 932 2229 quemadmodum
944 2121 1059 2210 vivat,
1069 2118 1122 2191 in·

164 2236 323 2332 quiritum
335 2256 370 2311 et
386 2256 540 2337 tanquam
562 2241 598 2313 in
616 2241 789 2314 clariffima
806 2236 879 2309 luce
894 2232 1061 2320 versetur,
1076 2229 1121 2302 ita

164 2345 292 2418 necllum
314 2345 490 2421 obscnntm
508 2348 619 2444 potest
642 2375 704 2422 nec
725 2349 849 2421 diuum
872 2344 945 2416 eius
962 2340 1045 2426 elle,
1059 2361 1120 2411 nec

113 2480 143 2532 ⁴5
163 2453 296 2530 saelum
315 2458 469 2552 Quorum
487 2479 596 2534 autem
615 2461 720 2555 prima
732 2478 818 2531 aetas
835 2477 972 2552 propter
984 2447 1120 2524 humili·

163 2581 263 2639 tatem
274 2588 307 2641 et
321 2568 552 2645 obscuritatem
566 2570 600 2642 in
611 2569 786 2642 hominum
796 2563 1007 2664 ignoratione
1018 2559 1122 2635 versa·

163 2695 238 2762 tur;
252 2679 288 2750 hi
304 2678 399 2751 fimus
412 2705 449 2754 ac
463 2681 600 2754 iuvenes
611 2680 676 2752 elle
689 2693 888 2775 coeperunt,
899 2670 1121 2772 magnaspec·

163 2805 253 2868 tare,
265 2805 298 2857 et
309 2788 352 2858 ad
366 2811 404 2858 ea
415 2778 512 2861 retiis
525 2788 636 2861 studiis
650 2789 770 2861 debent
783 2784 984 2883 contendere
996 2808 1006 2855 t
1026 2778 1121 2879 quod

163 2919 207 2967 eo
222 2893 368 2965 firmiore
385 2895 499 2966 animo
517 2894 658 2987 facient,
673 2895 750 2992 quia
772 2919 842 2966 non
857 2896 963 2966 modo
980 2915 1051 2964 non
1067 2891 1121 2963 in·

162 3005 294 3080 videtur
312 3005 360 3078 illi
382 3005 630 3093 aetati,ven1m
644 3006 741 3079 etiam
761 3005 899 3079 favetur.
923 3005 1031 3078 Prima
1055 3002 1122 3102 igi·

161 3134 217 3191 tur
234 3115 281 3188 est
300 3115 498 3189 adolescenti
519 3117 766 3190 commendatio
780 3117 822 3191 ad
841 3115 1004 3214 gloriam,
1019 3114 1042 3187 fi
1055 3139 1121 3212 qua

162 3253 206 3304 ex
229 3227 352 3302 bellicis
373 3226 472 3299 rebus
497 3229 683 3324 comparari
708 3231 840 3326 potest;
863 3228 898 3298 in
925 3249 992 3326 qua
1023 3224 1120 3298 multi

162 3340 249 3439 apud
266 3340 408 3413 maiores
426 3336 555 3412 nostros
571 3338 780 3414 exstiterunt:
798 3340 925 3435 semper
942 3337 1031 3410 enirn
1050 3335 1120 3410 sere

161 3448 246 3522 bella
261 3451 465 3546 gerebantur.
488 3448 563 3520 Tua
580 3472 688 3523 autem
706 3467 792 3522 aetas
810 3446 929 3520 incidit
946 3446 982 3518 in
996 3447 1032 3519 id
1048 3445 1121 3519 bel·

162 3559 254 3642 lurn,
267 3560 360 3631 cuius
374 3558 475 3632 altera
488 3581 564 3655 pars
579 3557 708 3632 sceleris
720 3558 858 3630 nimium
872 3555 1006 3641 habuit;
1020 3554 1120 3628 altera

138 3669 325 3781 'felicitatis
346 3693 474 3766 parum.
495 3673 577 3762 Quo
588 3690 701 3743 tamen
714 3669 749 3741 in
762 3669 868 3753 bello,
881 3692 960 3740 cum
972 3687 1005 3739 te
1019 3668 1121 3740 Pom·

163 3778 257 3878 peius
275 3778 343 3853 alae
362 3779 457 3851 alteri
477 3777 699 3876 praefecisset,
722 3802 874 3876 magnam
902 3777 1034 3851 laudem
1047 3797 1083 3851 et
1100 3799 1122 3850 a

59 3955 63 3963 .
164 3890 296 3963 summo
308 3889 450 3978 vir0,et
459 3891 500 3962 ab
515 3893 662 3965 exercitu
673 3891 915 3990 consequebare
927 3890 1123 3989 equitando,

162 3999 356 4089 laudando,
370 3999 464 4071 omni
484 4000 617 4072 militari
634 4001 746 4074 labore
764 4000 948 4073 tolerando.
971 4016 1070 4099 atque
1082 4023 1120 4071 ea

162 4108 301 4210 quidem
316 4124 371 4199 tua
391 4108 461 4183 laus
477 4109 598 4208 pariter
611 4134 688 4184 cum
707 4109 876 4206 republica
889 4108 1024 4187 cecidit.
1035 4107 1121 4184 Mihi
