2340 4628
147 717 191 791 43
340 683 880 777 protereus

188 848 262 908 alteri
282 844 313 906 srt
331 846 566 928 praeponendum.
595 846 630 909 ln
644 863 699 908 tres
715 846 795 929 igitur
810 864 899 928 partes
915 862 1003 909 totam
1018 840 1109 930 dispu-

187 947 318 1004 tationem
337 940 486 1013 diliribuit,
502 960 619 1023 quarum
637 941 724 1022 prima
735 936 773 1002 est
787 941 822 1002 de
833 939 963 1015 honeslo,
975 942 1059 1004 altera
1072 943 1108 1006 de

186 1035 261 1107 utili,
274 1033 320 1119 sed
339 1033 480 1116 dupliciter
493 1050 625 1114 utraque,
642 1032 674 1094 δι
692 1036 770 1095 tertia
788 1033 823 1093 de
839 1037 1044 1115 comparatione
1060 1056 1108 1095 eo-

186 1149 264 1201 rum,
283 1149 309 1188 c.
335 1146 359 1208 3.
388 1125 510 1187 Primum
532 1122 653 1186 sormam
674 1124 812 1206 quandam
833 1123 939 1187 honesti
961 1127 1072 1187 exhibet
1091 1147 1108 1187 a

187 1235 281 1279 natura
304 1218 424 1278 humma
442 1215 570 1288 dusiam,
594 1219 705 1297 eiusque
724 1231 841 1297 quantor
858 1233 947 1298 partes
963 1216 1044 1288 lacit,
1062 1215 1108 1277 sa·

185 1313 335 1393 pientiam,
350 1309 491 1386 iustitiam,
505 1313 731 1392 temperantiam,
743 1312 774 1370 dt
783 1309 966 1370 fortitudinem
977 1306 1022 1371 len
1031 1328 1109 1392 mag·

185 1405 337 1466 nirudinem
352 1405 458 1476 animi,
473 1424 509 1465 ex
524 1405 623 1484 quibus
639 1400 745 1484 singulis
769 1419 843 1463 certa
864 1404 999 1483 quaedam
1016 1400 1109 1473 officia

184 1497 347 1567 nasonem,
358 1516 382 1555 c.
394 1517 421 1569 4.
431 1494 477 1554 Ac
489 1494 523 1553 de
534 1495 576 1552 his
585 1508 701 1574 quatuor
712 1492 834 1573 partibus
844 1509 969 1553 accurate
980 1490 1109 1574 disputat,

185 1590 217 1652 δι
226 1577 369 1672 qubmodo
383 1587 419 1645 ab
437 1587 468 1645 iis
483 1583 575 1646 officia
588 1585 737 1660 ducantur,
747 1583 878 1658 ostendit,
889 1606 913 1646 c.
931 1605 1013 1668 5-42.
1032 1586 1108 1649 Huic

184 1681 358 1763 disputationi
375 1679 479 1740 subiicit
490 1678 525 1739 de
533 1679 738 1760 comparatione
753 1676 871 1754 honesti,
885 1678 920 1741 de
935 1677 1043 1742 duobus
1053 1679 1107 1740 ho·

183 1771 265 1833 uestis
282 1788 373 1832 utrum
384 1766 538 1849 honestius,
553 1790 578 1833 c.
591 1768 676 1850 ,eps-

107 2058 124 2107 ι
151 1926 497 2138 QUAMQUAM
516 2045 569 2114 te,
589 2026 712 2098 Marce.
730 2022 797 2116 fili,
819 2049 941 2098 annum
958 2022 1024 2098 iam
1049 2049 1108 2099 an·

58 2198 62 2207 .
116 2173 126 2207 ι
145 2138 289 2211 dientem
303 2136 525 2233 Cratippum,
538 2133 638 2231 idque
655 2135 808 2222 Athenis,
821 2137 989 2208 abundare
1000 2161 1113 2233 opor·

144 2267 191 2322 tet
201 2247 382 2344 praeceptis
392 2244 610 2340 institutisque
623 2244 870 2343 philosophiae,
880 2265 1017 2344 propter
1029 2248 1113 2320 sum·

144 2386 234 2433 mam
255 2379 288 2431 et
315 2357 465 2449 dodoris
494 2356 745 2446 audioritatem,
769 2375 803 2428 et
825 2359 938 2443 urbis;
962 2383 1109 2457 qnorum

144 2470 277 2544 altette
301 2464 438 2540 scientia
451 2489 571 2564 augere
597 2463 728 2563 potest,
741 2467 840 2538 altera
862 2467 1047 2565 exemplis:
1062 2494 1111 2544 ta·

145 2605 240 2668 meu,
254 2601 292 2652 ut
311 2576 378 2676 ipse
407 2574 449 2648 ad
460 2575 568 2648 meam
583 2573 754 2649 utilitatem
772 2575 900 2673 semper
915 2601 991 2650 cum
1006 2580 1112 2653 Grae·
1128 2646 1130 2650 a

146 2687 195 2760 cis
208 2685 322 2758 Latina
334 2683 514 2770 coniunxi,
534 2706 640 2778 neque
660 2680 695 2751 id
712 2681 747 2752 in
762 2683 970 2781 philosophia
983 2684 1112 2778 solum,

146 2795 202 2889 sed
225 2793 324 2865 etiam
345 2793 381 2866 in
408 2788 541 2865 dicendi
562 2785 797 2862 exercitatione
822 2786 912 2878 feci3
934 2789 1023 2866 idem
1050 2794 1110 2869 tibi

148 2902 270 2977 censeo
286 2897 503 2984 faciendum,
516 2914 553 2970 ut
568 2919 629 2994 par
647 2895 687 2967 srs
703 2897 738 2968 in
752 2898 924 2995 utriusque
948 2901 1111 2977 orationis

82 3083 85 3089 .
148 3012 313 3087 facultate.
335 3012 448 3104 Quam
463 3007 601 3108 quidem
615 3005 656 3078 ad
668 3031 740 3079 rem
754 3059 765 3094 ,
779 3006 868 3106 nos(
883 3026 920 3081 ut
933 3009 1109 3111 videmur)

149 3145 308 3220 magnum
328 3117 496 3192 attulimus
509 3116 739 3203 adiumentum
758 3116 951 3193 hominibus
963 3120 1109 3207 noslrisr

151 3255 188 3311 ut
200 3258 269 3310 non
281 3233 386 3307 modo
400 3233 603 3307 Graecamm
619 3228 787 3300 literarum
805 3228 920 3320 rudes,
933 3228 989 3304 sed
1009 3233 1109 3306 etiam

150 3348 262 3433 dosii,
283 3345 489 3444 aliquantum
508 3341 540 3417 se
561 3338 759 3413 arbitrentur
776 3340 915 3438 adeptos
931 3362 965 3416 et
987 3345 1030 3417 ad
1056 3348 1110 3420 di·

101 3482 136 3543 ,ι
152 3454 358 3542 cendum,et
378 3451 422 3524 ad
444 3449 665 3525 indicandum.
694 3449 926 3542 Quamobrem
948 3451 1053 3528 disces
1074 3473 1109 3528 tn

151 3561 288 3659 quidem
303 3585 323 3631 a
343 3560 494 3658 principe
512 3559 608 3633 huius
627 3561 741 3634 aetatis
759 3559 1055 3657 philosophorum,
1077 3587 1110 3639 et

152 3671 274 3755 disces,
288 3667 445 3768 quamdiu
457 3668 573 3752 voles;
592 3669 719 3740 tamdiu
732 3688 840 3742 aurem
855 3671 941 3745 velle
955 3673 1110 3767 debebis,

90 3821 100 3839 ·
152 3778 265 3878 quoad
275 3798 329 3869 te,
340 3779 501 3876 quantum
512 3775 678 3876 proficias,
694 3804 763 3873 uon
775 3777 970 3877 poenitebit.
986 3785 1049 3857 Sed
1064 3794 1110 3857 ra*

152 3912 229 3961 men
247 3882 357 3960 nostra
373 3885 500 3984 legens,
512 3910 582 3959 non
608 3885 748 3974 multum
767 3884 1021 3984 al‘eripateticis
1041 3893 1108 3965 dis·

152 3996 288 4069 fidentia
298 4049 310 4084 ,
322 3993 479 4095 quoniam
495 3992 640 4092 utrique,
655 4015 687 4068 et
702 3995 880 4088 Socratici,
896 4015 930 4071 et
947 4000 1118 4080 Platonici,

153 4106 219 4191 effe
237 4107 395 4186 volumus
400 4132 415 4200 3
429 4108 471 4183 de
488 4105 587 4184 rebus
601 4108 678 4209 ipfis
697 4128 791 4186 utere
810 4125 871 4186 tuo
892 4109 1040 4199 iudici03
1058 4113 1109 4187 ni·
