2340 4628
66 39 1162 331 ψ

167 673 268 767 84,
415 670 906 793 onorat-ctis

165 834 219 921 lit,
232 833 485 911 benevolentiae
504 835 577 908 vim
600 833 665 908 ell'e
686 858 859 935 magnam,
882 854 993 911 metue
1014 834 1123 914 imbe-

164 945 293 1034 cillam;
307 947 474 1046 sequitur,
488 964 525 1019 ut
544 945 759 1036 differamus,
772 947 895 1045 quibus
909 948 1009 1023 rebus
1025 947 1124 1047 polli-

165 1080 240 1128 mus
264 1055 416 1129 facillime
436 1078 535 1144 eam,
555 1080 658 1153 qnam
680 1055 863 1147 volumus,
881 1056 1020 1155 adipisci
1042 1080 1121 1129 cum

116 1197 148 1251 ,ο
163 1165 293 1238 bonore
315 1184 349 1238 et
371 1161 437 1237 lide
456 1163 635 1237 caritatem.
661 1164 725 1236 Sed
744 1189 783 1236 ea
802 1190 874 1239 non
896 1166 1020 1264 pariter
1041 1189 1121 1238 om·

162 1299 223 1348 nes
240 1296 482 1373 egemusanam
501 1274 544 1346 ad
563 1272 725 1371 cuiusque
744 1273 847 1349 vitam
868 1272 1047 1347 institutam
1060 1296 1121 1347 ac·

163 1384 445 1460 commodandum
463 1382 528 1471 est,
542 1408 561 1455 a
583 1383 736 1457 multisne
753 1408 839 1485 opus
858 1383 898 1457 fit
907 1439 920 1479 ,
933 1409 976 1457 an
993 1384 1086 1475 satis,
1101 1408 1120 1461 a

161 1496 276 1595 paucis
300 1492 404 1591 diligi.
424 1492 562 1564 Certum
584 1491 685 1587 igitur
707 1491 774 1564 hoc
796 1492 856 1582 lit,
878 1492 980 1591 idque
1000 1510 1035 1566 et
1052 1493 1120 1590 pri·

161 1610 256 1677 mum
275 1621 310 1677 et
332 1603 473 1675 maxime
493 1602 722 1688 necellarium,
740 1601 977 1674 familiaritates
999 1600 1120 1673 habere

160 1711 244 1786 fidas
260 1712 439 1784 amantium
452 1735 515 1784 nos
526 1712 733 1805 amicorum,
751 1732 785 1787 et
796 1710 906 1786 nostra
917 1711 1119 1786 mirantium.

160 1825 242 1897 baec
255 1822 344 1896 enim
361 1820 408 1895 est
424 1845 490 1895 una
510 1846 563 1896 res
584 1821 740 1920 prorsus,
753 1842 792 1897 ut
811 1844 882 1895 non
898 1821 1039 1894 multum
1052 1818 1120 1895 dis·

160 1931 244 2005 ferat
257 1932 343 2005 inter
357 1930 504 2004 summos
519 1949 559 2027 ‘et
572 1932 756 2005 mediocres
775 1932 869 2005 viros
879 1958 891 2019 ;
902 1954 1009 2029 eaque
1020 1929 1120 2004 nitrie-

93 2074 142 2128 -31
159 2065 227 2139 que
241 2040 289 2114 eli
302 2041 546 2139 propemodum
570 2042 803 2138 comparanda.
821 2042 1028 2131 Honore,et
1041 2039 1118 2139 glo·

150 2154 228 2241 ¹ria,
242 2173 275 2226 et
289 2152 522 2227 benevolentia
532 2151 660 2225 civium
681 2151 818 2225 fortaffe
840 2175 910 2225 non
927 2174 1037 2250 aeque
1047 2174 1118 2224 om·

161 2285 220 2334 nes
233 2280 353 2358 egent;
369 2260 425 2333 sed
442 2252 575 2348 tamen,
591 2258 615 2332 fi
635 2260 689 2334 cui
711 2260 794 2334 haec
819 2257 1016 2357 suppetunt,
1027 2258 1118 2330 adiu·

159 2387 241 2443 vant
262 2370 461 2469 aliquantum
484 2387 555 2442 tum
585 2369 628 2441 ad
654 2385 873 2456 cetera‚tum
894 2368 936 2439 ad
959 2366 1118 2443 amicitias

119 2504 143 2577 9
160 2481 407 2578 comparandas.
424 2481 488 2552 Sed
500 2480 541 2552 de
561 2479 707 2552 amicitia
720 2479 786 2552 alio
801 2479 888 2551 libro
906 2476 1031 2551 didum
1044 2476 1116 2570 ell,

159 2590 219 2687 qui
239 2589 428 2663 inscribitur
449 2589 587 2663 laelius.
625 2589 725 2661 Nunc
751 2586 898 2660 dicamus
924 2586 967 2659 de
988 2587 1116 2685 gloriac

158 2717 359 2791 quamquam
379 2719 418 2767 ea
435 2719 570 2793 quoque
595 2695 637 2783 de
659 2720 694 2769 re
713 2697 782 2768 duo
802 2695 877 2769 sunt
896 2694 1000 2768 nostri
1014 2695 1113 2771 libri:

156 2804 214 2877 sed
232 2804 449 2900 attingamus,
462 2805 735 2903 quandoquidem
755 2831 795 2880 ea
809 2806 845 2879 in
867 2806 965 2881 rebus
977 2809 1117 2883 maiori·

157 2914 220 2986 bus
241 2908 502 2986 administrandis
522 2912 656 2986 adiuvat
669 2913 863 3011 plurimum.

206 3024 339 3093 Summa
358 3017 457 3115 igitur
473 3038 507 3093 et
522 3018 668 3117 perfeda
692 3024 795 3121 gloria
815 3023 941 3097 constat
952 3049 997 3098 ex
1011 3024 1116 3101 tribus

156 3137 228 3211 his:
243 3131 266 3203 fi
289 3129 396 3227 diligit
418 3129 613 3214 multitud03
628 3131 653 3203 fi
667 3131 767 3206 fidem
788 3135 909 3220 habet;
924 3132 949 3206 fi
967 3159 1047 3208 cum
1061 3137 1117 3209 ad·

156 3241 332 3322 miratione
354 3238 496 3337 quadam
518 3239 649 3315 honore
675 3241 795 3340 dignos
814 3260 915 3340 putat.
941 3244 1036 3316 Haec
1055 3268 1115 3317 au·

155 3379 222 3431 tem
239 3350 292 3452 (li
310 3348 357 3425 ell
372 3348 561 3447 simpliciter
577 3350 792 3449 breviterque
814 3351 1021 3446 dicendum)
1037 3353 1116 3452 qui·

155 3468 218 3542 bus
237 3463 334 3535 rebus
351 3480 506 3558 parantur
529 3487 547 3534 a
572 3461 723 3561 lingulis,
737 3462 860 3537 eisdem
887 3458 1003 3539 screa
1030 3464 1116 3539 mul·

155 3573 304 3646 titudine.
356 3573 421 3643 Sed
450 3571 497 3645 est
530 3569 613 3644 alius
651 3594 789 3670 quoque
826 3574 963 3671 quidam
1004 3578 1114 3652 adims

154 3683 197 3755 ad
223 3680 488 3769 multitudinem,
509 3699 546 3753 ut
569 3681 605 3752 in
627 3681 856 3755 universorum
882 3683 1015 3758 animos
1039 3710 1114 3759 tan·

106 3822 138 3876 3²
153 3813 253 3888 quam
273 3785 411 3869 influere
435 3787 604 3883 pollimus.
623 3795 671 3861 Ac
686 3790 828 3888 primum
845 3791 887 3866 de
905 3792 970 3866 illis
983 3796 1117 3887 tribus,
1138 3874 1143 3883 .

153 3925 238 4001 quae
254 3918 330 3973 ente
351 3898 418 3970 dixi
445 3899 697 3975 benevolentiae
715 3918 908 3998 praecepta,
920 3904 1114 3992 videamus3

89 4107 95 4113 ἡ
153 4035 239 4110 quae
259 4007 393 4107 quidem
419 4008 587 4085 beneficiis
615 4011 744 4109 capitur
769 4014 942 4088 maximer
967 4015 1115 4091 secundo

154 4118 364 4228 autemloco
381 4116 528 4198 benefica
540 4120 713 4198 voluntate
736 4120 972 4225 benevolentia
990 4149 1114 4203 move·
