<?xml version="1.0" encoding="UTF-8"?>
<!DOCTYPE html PUBLIC "-//W3C//DTD XHTML 1.0 Transitional//EN"
    "http://www.w3.org/TR/xhtml1/DTD/xhtml1-transitional.dtd">
<html xmlns="http://www.w3.org/1999/xhtml" xml:lang="en" lang="en">
 <head>
  <title>
</title>
<meta http-equiv="Content-Type" content="text/html;charset=utf-8" />
  <meta name='ocr-system' content='tesseract 3.04.00' />
  <meta name='ocr-capabilities' content='ocr_page ocr_carea ocr_par ocr_line ocrx_word'/>
</head>
<body>
  <div class='ocr_page' id='page_1' title='image "./mtulliiciceroni01plutgoog_0472.png"; bbox 0 0 2340 4628; ppageno 0'>
   <div class='ocr_carea' id='block_1_1' title="bbox 272 664 1015 815">
    <p class='ocr_par' dir='ltr' id='par_1_1' title="bbox 272 664 1015 815">
     <span class='ocr_line' id='line_1_1' title="bbox 272 664 1015 815; baseline 0.011 -27"><span class='ocrx_word' id='word_1_1' title='bbox 272 714 777 807; x_wconf 74' lang='lat' dir='ltr'>nisronicus.</span> <span class='ocrx_word' id='word_1_2' title='bbox 845 774 850 781; x_wconf 88' lang='lat'><strong>.</strong></span> <span class='ocrx_word' id='word_1_3' title='bbox 943 664 1015 815; x_wconf 46' lang='grc' dir='ltr'>’.ει</span> 
     </span>
    </p>
   </div>
   <div class='ocr_carea' id='block_1_2' title="bbox 62 875 1019 1523">
    <p class='ocr_par' dir='ltr' id='par_1_2' title="bbox 62 875 1019 1523">
     <span class='ocr_line' id='line_1_2' title="bbox 86 875 1016 960; baseline 0.001 -17"><span class='ocrx_word' id='word_1_4' title='bbox 86 879 186 945; x_wconf 70' lang='lat' dir='ltr'>vincia</span> <span class='ocrx_word' id='word_1_5' title='bbox 208 877 353 940; x_wconf 83' lang='lat' dir='ltr'><strong>decedat:</strong></span> <span class='ocrx_word' id='word_1_6' title='bbox 377 875 548 955; x_wconf 89' lang='lat' dir='ltr'>Pompeium</span> <span class='ocrx_word' id='word_1_7' title='bbox 567 876 599 940; x_wconf 92' lang='lat' dir='ltr'>id</span> <span class='ocrx_word' id='word_1_8' title='bbox 616 876 783 955; x_wconf 87' lang='lat' dir='ltr'>cupientem</span> <span class='ocrx_word' id='word_1_9' title='bbox 799 877 875 940; x_wconf 90' lang='lat' dir='ltr'>male</span> <span class='ocrx_word' id='word_1_10' title='bbox 891 881 1016 960; x_wconf 75' lang='lat' dir='ltr'>accipit,</span> 
     </span>
     <span class='ocr_line' id='line_1_3' title="bbox 91 956 1016 1042; baseline 0.004 -19"><span class='ocrx_word' id='word_1_11' title='bbox 91 962 199 1037; x_wconf 79' lang='lat' dir='ltr'>&amp;eius</span> <span class='ocrx_word' id='word_1_12' title='bbox 214 958 254 1023; x_wconf 91' lang='grc' dir='ltr'>ΙΙ.</span> <span class='ocrx_word' id='word_1_13' title='bbox 277 956 458 1019; x_wconf 84' lang='lat' dir='ltr'>consulatum</span> <span class='ocrx_word' id='word_1_14' title='bbox 480 959 612 1037; x_wconf 82' lang='lat' dir='ltr'>exagitat</span> <span class='ocrx_word' id='word_1_15' title='bbox 630 958 668 1019; x_wconf 86' lang='lat' dir='ltr'>ad</span> <span class='ocrx_word' id='word_1_16' title='bbox 689 958 753 1021; x_wconf 83' lang='lat' dir='ltr'>Diu.</span> <span class='ocrx_word' id='word_1_17' title='bbox 775 958 815 1036; x_wconf 87' lang='lat'>8,</span> <span class='ocrx_word' id='word_1_18' title='bbox 837 981 882 1023; x_wconf 86' lang='grc' dir='ltr'>ιο.</span> <span class='ocrx_word' id='word_1_19' title='bbox 896 962 961 1025; x_wconf 90' lang='lat' dir='ltr'>trib.</span> <span class='ocrx_word' id='word_1_20' title='bbox 974 964 1016 1042; x_wconf 81' lang='lat' dir='ltr'><strong>pl.</strong></span> 
     </span>
     <span class='ocr_line' id='line_1_4' title="bbox 88 1037 1017 1121; baseline 0.001 -15"><span class='ocrx_word' id='word_1_21' title='bbox 88 1042 128 1106; x_wconf 88' lang='lat' dir='ltr'>de</span> <span class='ocrx_word' id='word_1_22' title='bbox 147 1060 218 1121; x_wconf 83' lang='lat' dir='ltr'>agro</span> <span class='ocrx_word' id='word_1_23' title='bbox 236 1039 389 1117; x_wconf 79' lang='lat' dir='ltr'>Campano</span> <span class='ocrx_word' id='word_1_24' title='bbox 414 1051 481 1100; x_wconf 86' lang='lat' dir='ltr'>ante</span> <span class='ocrx_word' id='word_1_25' title='bbox 494 1037 623 1102; x_wconf 65' lang='lat' dir='ltr'>Caesarie</span> <span class='ocrx_word' id='word_1_26' title='bbox 652 1039 810 1102; x_wconf 84' lang='lat' dir='ltr'>adventum</span> <span class='ocrx_word' id='word_1_27' title='bbox 828 1058 845 1100; x_wconf 91' lang='lat' dir='ltr'>e</span> <span class='ocrx_word' id='word_1_28' title='bbox 864 1040 956 1104; x_wconf 83' lang='lat' dir='ltr'>Gallia</span> <span class='ocrx_word' id='word_1_29' title='bbox 972 1045 1017 1107; x_wconf 90' lang='lat' dir='ltr'>di-</span> 
     </span>
     <span class='ocr_line' id='line_1_5' title="bbox 86 1118 1017 1203; baseline -0.01 -16"><span class='ocrx_word' id='word_1_30' title='bbox 86 1122 219 1187; x_wconf 80' lang='lat' dir='ltr'>videndo</span> <span class='ocrx_word' id='word_1_31' title='bbox 238 1121 352 1183; x_wconf 80' lang='lat' dir='ltr'>cneius</span> <span class='ocrx_word' id='word_1_32' title='bbox 370 1119 434 1199; x_wconf 86' lang='lat' dir='ltr'>lege</span> <span class='ocrx_word' id='word_1_33' title='bbox 458 1118 589 1195; x_wconf 84' lang='lat' dir='ltr'>laborat,</span> <span class='ocrx_word' id='word_1_34' title='bbox 619 1139 657 1181; x_wconf 94' lang='lat' dir='ltr'>ne</span> <span class='ocrx_word' id='word_1_35' title='bbox 676 1119 782 1184; x_wconf 86' lang='lat' dir='ltr'>Cacsar</span> <span class='ocrx_word' id='word_1_36' title='bbox 804 1119 931 1185; x_wconf 85' lang='lat' dir='ltr'>dividere</span> <span class='ocrx_word' id='word_1_37' title='bbox 951 1124 1017 1203; x_wconf 83' lang='lat' dir='ltr'>pos.</span> 
     </span>
     <span class='ocr_line' id='line_1_6' title="bbox 88 1198 1013 1281; baseline 0.001 -14"><span class='ocrx_word' id='word_1_38' title='bbox 88 1204 135 1267; x_wconf 80' lang='lat' dir='ltr'>sit.</span> <span class='ocrx_word' id='word_1_39' title='bbox 155 1202 219 1268; x_wconf 74' lang='lat' dir='ltr'>nn.</span> <span class='ocrx_word' id='word_1_40' title='bbox 239 1225 273 1278; x_wconf 84' lang='lat' dir='ltr'>r,</span> <span class='ocrx_word' id='word_1_41' title='bbox 294 1222 340 1277; x_wconf 86' lang='lat'>¹4·</span> <span class='ocrx_word' id='word_1_42' title='bbox 366 1200 456 1263; x_wconf 90' lang='lat' dir='ltr'>filiola</span> <span class='ocrx_word' id='word_1_43' title='bbox 474 1201 518 1264; x_wconf 86' lang='grc' dir='ltr'>Μ.</span> <span class='ocrx_word' id='word_1_44' title='bbox 538 1198 660 1262; x_wconf 82' lang='lat' dir='ltr'><strong>Antonii</strong></span> <span class='ocrx_word' id='word_1_45' title='bbox 687 1202 800 1264; x_wconf 88' lang='lat' dir='ltr'>dicitur.</span> <span class='ocrx_word' id='word_1_46' title='bbox 824 1200 899 1265; x_wconf 88' lang='lat' dir='ltr'>Phil.</span> <span class='ocrx_word' id='word_1_47' title='bbox 927 1222 965 1281; x_wconf 67' lang='grc' dir='ltr'>ι,</span> <span class='ocrx_word' id='word_1_48' title='bbox 985 1227 1013 1268; x_wconf 87' lang='lat'><strong>2.</strong></span> 
     </span>
     <span class='ocr_line' id='line_1_7' title="bbox 87 1280 1019 1349; baseline -0.001 0"><span class='ocrx_word' id='word_1_49' title='bbox 87 1284 218 1349; x_wconf 87' lang='lat' dir='ltr'>scortum</span> <span class='ocrx_word' id='word_1_50' title='bbox 234 1283 278 1346; x_wconf 85' lang='lat' dir='ltr'><strong>M.</strong></span> <span class='ocrx_word' id='word_1_51' title='bbox 305 1283 428 1345; x_wconf 81' lang='lat' dir='ltr'>Antonii</span> <span class='ocrx_word' id='word_1_52' title='bbox 450 1282 649 1346; x_wconf 87' lang='lat' dir='ltr'>Trium-Viri.</span> <span class='ocrx_word' id='word_1_53' title='bbox 672 1280 718 1344; x_wconf 85' lang='lat' dir='ltr'>Bt.</span> <span class='ocrx_word' id='word_1_54' title='bbox 741 1282 789 1345; x_wconf 88' lang='lat'>81.</span> <span class='ocrx_word' id='word_1_55' title='bbox 808 1295 943 1347; x_wconf 85' lang='lat' dir='ltr'>naturam</span> <span class='ocrx_word' id='word_1_56' title='bbox 966 1283 1019 1347; x_wconf 87' lang='lat' dir='ltr'>ha-</span> 
     </span>
     <span class='ocr_line' id='line_1_8' title="bbox 87 1360 1016 1441; baseline 0 -13"><span class='ocrx_word' id='word_1_57' title='bbox 87 1364 155 1429; x_wconf 91' lang='lat' dir='ltr'>buit</span> <span class='ocrx_word' id='word_1_58' title='bbox 169 1361 371 1427; x_wconf 83' lang='lat' dir='ltr'>admirabilem</span> <span class='ocrx_word' id='word_1_59' title='bbox 397 1363 435 1424; x_wconf 89' lang='lat' dir='ltr'>ad</span> <span class='ocrx_word' id='word_1_60' title='bbox 460 1363 635 1436; x_wconf 89' lang='lat' dir='ltr'>dicendum;</span> <span class='ocrx_word' id='word_1_61' title='bbox 662 1360 748 1441; x_wconf 86' lang='lat' dir='ltr'>piane</span> <span class='ocrx_word' id='word_1_62' title='bbox 766 1365 903 1427; x_wconf 82' lang='lat' dir='ltr'>eruditus.</span> <span class='ocrx_word' id='word_1_63' title='bbox 925 1378 1016 1428; x_wconf 85' lang='lat' dir='ltr'>teme·</span> 
     </span>
     <span class='ocr_line' id='line_1_9' title="bbox 62 1442 1016 1523; baseline -0.007 -14"><span class='ocrx_word' id='word_1_64' title='bbox 62 1470 65 1475; x_wconf 94' lang='lat'>·</span> <span class='ocrx_word' id='word_1_65' title='bbox 87 1448 175 1509; x_wconf 87' lang='lat' dir='ltr'>ritate</span> <span class='ocrx_word' id='word_1_66' title='bbox 199 1447 231 1507; x_wconf 92' lang='lat' dir='ltr'>in</span> <span class='ocrx_word' id='word_1_67' title='bbox 257 1442 335 1506; x_wconf 91' lang='lat' dir='ltr'>bello</span> <span class='ocrx_word' id='word_1_68' title='bbox 359 1442 438 1506; x_wconf 84' lang='lat' dir='ltr'>civili</span> <span class='ocrx_word' id='word_1_69' title='bbox 464 1444 557 1523; x_wconf 84' lang='lat' dir='ltr'>periit</span> <span class='ocrx_word' id='word_1_70' title='bbox 581 1444 620 1506; x_wconf 87' lang='lat' dir='ltr'>ad</span> <span class='ocrx_word' id='word_1_71' title='bbox 645 1442 710 1506; x_wconf 91' lang='lat' dir='ltr'>Div.</span> <span class='ocrx_word' id='word_1_72' title='bbox 735 1444 774 1521; x_wconf 88' lang='lat'>8,</span> <span class='ocrx_word' id='word_1_73' title='bbox 795 1467 825 1510; x_wconf 80' lang='lat'><strong>2.</strong></span> <span class='ocrx_word' id='word_1_74' title='bbox 849 1445 910 1508; x_wconf 86' lang='lat' dir='ltr'>eius</span> <span class='ocrx_word' id='word_1_75' title='bbox 935 1446 1016 1509; x_wconf 89' lang='lat' dir='ltr'>thea.</span> 
     </span>
    </p>
   </div>
   <div class='ocr_carea' id='block_1_3' title="bbox 62 1543 1152 4284">
    <p class='ocr_par' dir='ltr' id='par_1_3' title="bbox 88 1543 179 1591">
     <span class='ocr_line' id='line_1_10' title="bbox 88 1543 179 1591; baseline -0.022 0"><span class='ocrx_word' id='word_1_76' title='bbox 88 1543 179 1591; x_wconf 69' lang='lat' dir='ltr'>imm.</span> 
     </span>
    </p>

    <p class='ocr_par' dir='ltr' id='par_1_4' title="bbox 62 1605 1017 1835">
     <span class='ocr_line' id='line_1_11' title="bbox 62 1605 1015 1687; baseline -0.005 -11"><span class='ocrx_word' id='word_1_77' title='bbox 62 1609 209 1686; x_wconf 77' lang='lat' dir='ltr'>uJRIUS,</span> <span class='ocrx_word' id='word_1_78' title='bbox 227 1609 265 1671; x_wconf 90' lang='lat' dir='ltr'>de</span> <span class='ocrx_word' id='word_1_79' title='bbox 280 1607 342 1671; x_wconf 83' lang='lat' dir='ltr'><strong>Inv.</strong></span> <span class='ocrx_word' id='word_1_80' title='bbox 368 1628 402 1683; x_wconf 85' lang='lat'>1,</span> <span class='ocrx_word' id='word_1_81' title='bbox 418 1623 467 1687; x_wconf 80' lang='lat'>43.</span> <span class='ocrx_word' id='word_1_82' title='bbox 489 1606 595 1669; x_wconf 83' lang='lat' dir='ltr'>Orator</span> <span class='ocrx_word' id='word_1_83' title='bbox 612 1606 751 1685; x_wconf 81' lang='lat' dir='ltr'>quidam,</span> <span class='ocrx_word' id='word_1_84' title='bbox 772 1627 789 1669; x_wconf 90' lang='lat' dir='ltr'>e</span> <span class='ocrx_word' id='word_1_85' title='bbox 809 1605 891 1670; x_wconf 81' lang='lat' dir='ltr'>cuius</span> <span class='ocrx_word' id='word_1_86' title='bbox 909 1610 1015 1671; x_wconf 84' lang='lat' dir='ltr'>oratio·</span> 
     </span>
     <span class='ocr_line' id='line_1_12' title="bbox 87 1687 1017 1770; baseline 0.002 -15"><span class='ocrx_word' id='word_1_87' title='bbox 87 1712 127 1755; x_wconf 89' lang='lat' dir='ltr'>ne</span> <span class='ocrx_word' id='word_1_88' title='bbox 150 1710 204 1770; x_wconf 93' lang='lat' dir='ltr'>pro</span> <span class='ocrx_word' id='word_1_89' title='bbox 216 1688 316 1753; x_wconf 82' lang='lat' dir='ltr'>Fulvio</span> <span class='ocrx_word' id='word_1_90' title='bbox 333 1688 421 1751; x_wconf 82' lang='lat' dir='ltr'>verba</span> <span class='ocrx_word' id='word_1_91' title='bbox 440 1688 584 1766; x_wconf 86' lang='lat' dir='ltr'>quaedam</span> <span class='ocrx_word' id='word_1_92' title='bbox 607 1687 771 1753; x_wconf 83' lang='lat' dir='ltr'><strong>laudantur.</strong></span> <span class='ocrx_word' id='word_1_93' title='bbox 788 1691 843 1750; x_wconf 85' lang='lat' dir='ltr'>Sed</span> <span class='ocrx_word' id='word_1_94' title='bbox 856 1713 887 1753; x_wconf 84' lang='grc' dir='ltr'>ν.</span> <span class='ocrx_word' id='word_1_95' title='bbox 907 1691 938 1753; x_wconf 80' lang='lat' dir='ltr'>in</span> <span class='ocrx_word' id='word_1_96' title='bbox 957 1696 1017 1757; x_wconf 79' lang='lat' dir='ltr'>Ser.</span> 
     </span>
     <span class='ocr_line' id='line_1_13' title="bbox 91 1773 219 1835; baseline -0.008 0"><span class='ocrx_word' id='word_1_97' title='bbox 91 1773 219 1835; x_wconf 59' lang='lat' dir='ltr'>Fulvium</span> 
     </span>
    </p>

    <p class='ocr_par' dir='ltr' id='par_1_5' title="bbox 62 1849 965 1933">
     <span class='ocr_line' id='line_1_14' title="bbox 62 1849 965 1933; baseline -0.004 -14"><span class='ocrx_word' id='word_1_98' title='bbox 62 1853 265 1926; x_wconf 64' lang='lat' dir='ltr'>LCUfflUS‚</span> <span class='ocrx_word' id='word_1_99' title='bbox 301 1862 362 1912; x_wconf 88' lang='lat' dir='ltr'>ater</span> <span class='ocrx_word' id='word_1_100' title='bbox 375 1850 483 1913; x_wconf 83' lang='lat' dir='ltr'>Rabirii</span> <span class='ocrx_word' id='word_1_101' title='bbox 510 1849 667 1913; x_wconf 82' lang='lat' dir='ltr'>Posthumi</span> <span class='ocrx_word' id='word_1_102' title='bbox 683 1849 755 1915; x_wconf 85' lang='lat' dir='ltr'>Rab.</span> <span class='ocrx_word' id='word_1_103' title='bbox 776 1851 854 1915; x_wconf 84' lang='lat' dir='ltr'>Post.</span> <span class='ocrx_word' id='word_1_104' title='bbox 875 1873 965 1933; x_wconf 83' lang='lat'><strong>2.17.</strong></span> 
     </span>
    </p>

    <p class='ocr_par' dir='ltr' id='par_1_6' title="bbox 62 1931 1131 2111">
     <span class='ocr_line' id='line_1_15' title="bbox 62 1931 1131 2015; baseline -0.002 -16"><span class='ocrx_word' id='word_1_105' title='bbox 62 1934 103 1999; x_wconf 77' lang='lat' dir='ltr'>u’.</span> <span class='ocrx_word' id='word_1_106' title='bbox 126 1932 266 1999; x_wconf 88' lang='lat' dir='ltr'>CURIUS</span> <span class='ocrx_word' id='word_1_107' title='bbox 314 1932 500 1996; x_wconf 83' lang='lat' dir='ltr'><strong>ENTATUS.</strong></span> <span class='ocrx_word' id='word_1_108' title='bbox 518 1932 563 1995; x_wconf 82' lang='lat' dir='ltr'>Bt.</span> <span class='ocrx_word' id='word_1_109' title='bbox 590 1953 636 2009; x_wconf 85' lang='lat'>¹4·</span> <span class='ocrx_word' id='word_1_110' title='bbox 653 1931 719 1993; x_wconf 91' lang='lat' dir='ltr'>trib.</span> <span class='ocrx_word' id='word_1_111' title='bbox 736 1931 776 2012; x_wconf 91' lang='lat' dir='ltr'><strong>pl.</strong></span> <span class='ocrx_word' id='word_1_112' title='bbox 797 1934 938 2014; x_wconf 81' lang='lat' dir='ltr'>interrege</span> <span class='ocrx_word' id='word_1_113' title='bbox 953 1937 1014 2015; x_wconf 71' lang='lat' dir='ltr'>Ap.</span> <span class='ocrx_word' id='word_1_114' title='bbox 1128 1946 1131 1951; x_wconf 61' lang='lat'><strong>⁴</strong></span> 
     </span>
     <span class='ocr_line' id='line_1_16' title="bbox 110 2012 1015 2111; baseline 0.006 -33"><span class='ocrx_word' id='word_1_115' title='bbox 110 2017 140 2078; x_wconf 93' lang='lat' dir='ltr'>io</span> <span class='ocrx_word' id='word_1_116' title='bbox 162 2014 280 2089; x_wconf 84' lang='lat' dir='ltr'>Caeco,</span> <span class='ocrx_word' id='word_1_117' title='bbox 301 2016 400 2092; x_wconf 63' lang='lat' dir='ltr'>coegit</span> <span class='ocrx_word' id='word_1_118' title='bbox 422 2025 517 2092; x_wconf 88' lang='lat' dir='ltr'>patres</span> <span class='ocrx_word' id='word_1_119' title='bbox 545 2027 612 2074; x_wconf 90' lang='lat' dir='ltr'>ante</span> <span class='ocrx_word' id='word_1_120' title='bbox 637 2012 755 2111; x_wconf 70' lang='lat' dir='ltr'>comitia</span> <span class='ocrx_word' id='word_1_121' title='bbox 784 2018 914 2079; x_wconf 70' lang='lat' dir='ltr'>auctores</span> <span class='ocrx_word' id='word_1_122' title='bbox 940 2016 1015 2083; x_wconf 83' lang='lat' dir='ltr'>fieri.</span> 
     </span>
    </p>

    <p class='ocr_par' dir='ltr' id='par_1_7' title="bbox 87 2038 1014 2341">
     <span class='ocr_line' id='line_1_17' title="bbox 87 2038 1014 2175; baseline 0 -15"><span class='ocrx_word' id='word_1_123' title='bbox 87 2038 205 2162; x_wconf 66' lang='lat' dir='ltr'>binren.</span> <span class='ocrx_word' id='word_1_124' title='bbox 224 2095 252 2160; x_wconf 90' lang='lat'>8.</span> <span class='ocrx_word' id='word_1_125' title='bbox 272 2094 362 2157; x_wconf 91' lang='lat' dir='ltr'>homo</span> <span class='ocrx_word' id='word_1_126' title='bbox 386 2114 477 2156; x_wconf 82' lang='lat' dir='ltr'>nouus</span> <span class='ocrx_word' id='word_1_127' title='bbox 504 2096 542 2156; x_wconf 90' lang='lat' dir='ltr'>ad</span> <span class='ocrx_word' id='word_1_128' title='bbox 563 2093 746 2157; x_wconf 87' lang='lat' dir='ltr'>consulatum</span> <span class='ocrx_word' id='word_1_129' title='bbox 775 2098 914 2175; x_wconf 84' lang='lat' dir='ltr'>pervenit.</span> <span class='ocrx_word' id='word_1_130' title='bbox 940 2098 1014 2161; x_wconf 91' lang='lat' dir='ltr'>ibid.</span> 
     </span>
     <span class='ocr_line' id='line_1_18' title="bbox 93 2172 1013 2259; baseline 0.002 -18"><span class='ocrx_word' id='word_1_131' title='bbox 93 2200 139 2255; x_wconf 80' lang='lat'>¹4·</span> <span class='ocrx_word' id='word_1_132' title='bbox 157 2179 194 2240; x_wconf 90' lang='lat' dir='ltr'>de</span> <span class='ocrx_word' id='word_1_133' title='bbox 211 2197 278 2257; x_wconf 87' lang='lat' dir='ltr'>rege</span> <span class='ocrx_word' id='word_1_134' title='bbox 291 2176 399 2259; x_wconf 85' lang='lat' dir='ltr'>Pyrrho</span> <span class='ocrx_word' id='word_1_135' title='bbox 416 2172 585 2255; x_wconf 70' lang='lat' dir='ltr'>triumphat?</span> <span class='ocrx_word' id='word_1_136' title='bbox 598 2178 660 2238; x_wconf 79' lang='lat' dir='ltr'>Att.</span> <span class='ocrx_word' id='word_1_137' title='bbox 678 2200 714 2253; x_wconf 83' lang='lat'>4,</span> <span class='ocrx_word' id='word_1_138' title='bbox 732 2197 776 2259; x_wconf 80' lang='lat'>¹5·</span> <span class='ocrx_word' id='word_1_139' title='bbox 797 2180 902 2241; x_wconf 90' lang='lat' dir='ltr'>emittit</span> <span class='ocrx_word' id='word_1_140' title='bbox 915 2178 1013 2242; x_wconf 85' lang='lat' dir='ltr'>lacum</span> 
     </span>
     <span class='ocr_line' id='line_1_19' title="bbox 87 2257 765 2341; baseline -0.001 -20"><span class='ocrx_word' id='word_1_141' title='bbox 87 2260 234 2322; x_wconf 86' lang='lat' dir='ltr'>Velinum.</span> <span class='ocrx_word' id='word_1_142' title='bbox 256 2258 351 2321; x_wconf 85' lang='lat' dir='ltr'>Plane.</span> <span class='ocrx_word' id='word_1_143' title='bbox 372 2279 418 2341; x_wconf 83' lang='lat'><strong>25.</strong></span> <span class='ocrx_word' id='word_1_144' title='bbox 440 2258 512 2319; x_wconf 86' lang='lat' dir='ltr'>Suil.</span> <span class='ocrx_word' id='word_1_145' title='bbox 535 2279 563 2336; x_wconf 89' lang='lat'>7.</span> <span class='ocrx_word' id='word_1_146' title='bbox 579 2257 633 2319; x_wconf 84' lang='lat' dir='ltr'>Fin</span> <span class='ocrx_word' id='word_1_147' title='bbox 653 2280 691 2333; x_wconf 88' lang='lat'>2,</span> <span class='ocrx_word' id='word_1_148' title='bbox 720 2280 765 2320; x_wconf 89' lang='lat' dir='ltr'>ro.</span> 
     </span>
    </p>

    <p class='ocr_par' dir='ltr' id='par_1_8' title="bbox 62 2339 1016 2586">
     <span class='ocr_line' id='line_1_20' title="bbox 62 2339 1014 2422; baseline 0 -17"><span class='ocrx_word' id='word_1_149' title='bbox 62 2340 357 2415; x_wconf 78' lang='lat' dir='ltr'><strong>t’.CUR1US‚Br.</strong></span> <span class='ocrx_word' id='word_1_150' title='bbox 386 2359 431 2422; x_wconf 84' lang='lat'>53.</span> <span class='ocrx_word' id='word_1_151' title='bbox 457 2339 676 2400; x_wconf 71' lang='lat' dir='ltr'>controversam</span> <span class='ocrx_word' id='word_1_152' title='bbox 707 2357 776 2400; x_wconf 89' lang='lat' dir='ltr'>cum</span> <span class='ocrx_word' id='word_1_153' title='bbox 809 2343 853 2405; x_wconf 87' lang='grc' dir='ltr'>Μ.</span> <span class='ocrx_word' id='word_1_154' title='bbox 876 2342 1014 2421; x_wconf 87' lang='lat' dir='ltr'>Coponio</span> 
     </span>
     <span class='ocr_line' id='line_1_21' title="bbox 88 2420 1016 2502; baseline 0 -18"><span class='ocrx_word' id='word_1_155' title='bbox 88 2423 187 2485; x_wconf 87' lang='lat' dir='ltr'>habet.</span> <span class='ocrx_word' id='word_1_156' title='bbox 211 2424 261 2486; x_wconf 90' lang='lat' dir='ltr'>Or.</span> <span class='ocrx_word' id='word_1_157' title='bbox 280 2443 316 2497; x_wconf 83' lang='lat'>1,</span> <span class='ocrx_word' id='word_1_158' title='bbox 339 2441 384 2502; x_wconf 82' lang='lat'><strong>39.</strong></span> <span class='ocrx_word' id='word_1_159' title='bbox 402 2443 438 2495; x_wconf 86' lang='lat'>2,</span> <span class='ocrx_word' id='word_1_160' title='bbox 461 2440 505 2502; x_wconf 84' lang='lat'>3²·</span> <span class='ocrx_word' id='word_1_161' title='bbox 527 2420 653 2482; x_wconf 86' lang='lat' dir='ltr'>Curiana</span> <span class='ocrx_word' id='word_1_162' title='bbox 683 2421 775 2483; x_wconf 85' lang='lat' dir='ltr'>causa.</span> <span class='ocrx_word' id='word_1_163' title='bbox 803 2444 841 2497; x_wconf 87' lang='lat'>2,</span> <span class='ocrx_word' id='word_1_164' title='bbox 866 2425 894 2485; x_wconf 89' lang='lat'>6.</span> <span class='ocrx_word' id='word_1_165' title='bbox 915 2427 1016 2486; x_wconf 71' lang='lat' dir='ltr'>atiaa</span> 
     </span>
     <span class='ocr_line' id='line_1_22' title="bbox 88 2500 930 2586; baseline -0.002 -20"><span class='ocrx_word' id='word_1_166' title='bbox 88 2502 122 2566; x_wconf 88' lang='grc'>1..</span> <span class='ocrx_word' id='word_1_167' title='bbox 144 2503 244 2567; x_wconf 75' lang='lat' dir='ltr'>crasso</span> <span class='ocrx_word' id='word_1_168' title='bbox 265 2503 407 2575; x_wconf 81' lang='lat' dir='ltr'>Oratore,</span> <span class='ocrx_word' id='word_1_169' title='bbox 429 2521 502 2579; x_wconf 85' lang='lat' dir='ltr'>quae</span> <span class='ocrx_word' id='word_1_170' title='bbox 519 2500 610 2578; x_wconf 87' lang='lat' dir='ltr'>qualis</span> <span class='ocrx_word' id='word_1_171' title='bbox 626 2501 734 2578; x_wconf 81' lang='lat' dir='ltr'>fuerit,</span> <span class='ocrx_word' id='word_1_172' title='bbox 751 2502 808 2562; x_wconf 91' lang='lat' dir='ltr'>vid.</span> <span class='ocrx_word' id='word_1_173' title='bbox 831 2523 864 2576; x_wconf 84' lang='lat'>1,</span> <span class='ocrx_word' id='word_1_174' title='bbox 886 2522 930 2586; x_wconf 80' lang='lat'><strong>39.</strong></span> 
     </span>
    </p>

    <p class='ocr_par' dir='ltr' id='par_1_9' title="bbox 62 2581 1152 3154">
     <span class='ocr_line' id='line_1_23' title="bbox 62 2581 1015 2665; baseline -0.009 -16"><span class='ocrx_word' id='word_1_175' title='bbox 62 2584 101 2651; x_wconf 76' lang='lat' dir='ltr'>d’.</span> <span class='ocrx_word' id='word_1_176' title='bbox 116 2586 275 2659; x_wconf 89' lang='lat' dir='ltr'><strong>CURIUS,</strong></span> <span class='ocrx_word' id='word_1_177' title='bbox 290 2585 328 2646; x_wconf 89' lang='lat' dir='ltr'>ad</span> <span class='ocrx_word' id='word_1_178' title='bbox 344 2583 408 2644; x_wconf 84' lang='lat' dir='ltr'>Diu.</span> <span class='ocrx_word' id='word_1_179' title='bbox 434 2604 471 2656; x_wconf 85' lang='lat'>2,</span> <span class='ocrx_word' id='word_1_180' title='bbox 493 2604 536 2665; x_wconf 85' lang='lat'>19.</span> <span class='ocrx_word' id='word_1_181' title='bbox 551 2581 738 2643; x_wconf 86' lang='lat' dir='ltr'>consobrinus</span> <span class='ocrx_word' id='word_1_182' title='bbox 754 2582 790 2645; x_wconf 85' lang='lat' dir='ltr'><strong>C.</strong></span> <span class='ocrx_word' id='word_1_183' title='bbox 803 2581 899 2645; x_wconf 89' lang='lat' dir='ltr'>Coelii</span> <span class='ocrx_word' id='word_1_184' title='bbox 915 2585 1015 2661; x_wconf 77' lang='lat' dir='ltr'>Quae.</span> 
     </span>
     <span class='ocr_line' id='line_1_24' title="bbox 86 2662 1013 2745; baseline -0.003 -16"><span class='ocrx_word' id='word_1_185' title='bbox 86 2667 177 2729; x_wconf 87' lang='lat' dir='ltr'>storis.</span> <span class='ocrx_word' id='word_1_186' title='bbox 194 2665 288 2729; x_wconf 81' lang='lat' dir='ltr'>Flacc.</span> <span class='ocrx_word' id='word_1_187' title='bbox 312 2686 325 2745; x_wconf 80' lang='lat'><em>3</em></span> <span class='ocrx_word' id='word_1_188' title='bbox 349 2711 356 2725; x_wconf 89' lang='lat'><strong>.</strong></span> <span class='ocrx_word' id='word_1_189' title='bbox 381 2663 522 2741; x_wconf 84' lang='lat' dir='ltr'>Quaestor</span> <span class='ocrx_word' id='word_1_190' title='bbox 548 2662 674 2725; x_wconf 82' lang='lat' dir='ltr'>urbanus</span> <span class='ocrx_word' id='word_1_191' title='bbox 705 2662 802 2726; x_wconf 85' lang='lat' dir='ltr'>Silano</span> <span class='ocrx_word' id='word_1_192' title='bbox 835 2666 862 2725; x_wconf 73' lang='grc' dir='ltr'><strong>ἃ</strong></span> <span class='ocrx_word' id='word_1_193' title='bbox 889 2665 1013 2727; x_wconf 81' lang='lat' dir='ltr'>Murena</span> 
     </span>
     <span class='ocr_line' id='line_1_25' title="bbox 86 2684 1014 2826; baseline -0.005 -14"><span class='ocrx_word' id='word_1_194' title='bbox 86 2745 169 2812; x_wconf 77' lang='lat' dir='ltr'>cod.</span> <span class='ocrx_word' id='word_1_195' title='bbox 190 2747 255 2811; x_wconf 86' lang='lat' dir='ltr'>Sen.</span> <span class='ocrx_word' id='word_1_196' title='bbox 279 2684 345 2825; x_wconf 72' lang='lat' dir='ltr'>posi</span> <span class='ocrx_word' id='word_1_197' title='bbox 360 2743 432 2807; x_wconf 91' lang='lat' dir='ltr'>Red.</span> <span class='ocrx_word' id='word_1_198' title='bbox 458 2745 486 2805; x_wconf 88' lang='lat'>8.</span> <span class='ocrx_word' id='word_1_199' title='bbox 509 2744 575 2806; x_wconf 88' lang='lat' dir='ltr'>trib.</span> <span class='ocrx_word' id='word_1_200' title='bbox 597 2745 636 2826; x_wconf 87' lang='lat' dir='ltr'><strong>pl.</strong></span> <span class='ocrx_word' id='word_1_201' title='bbox 658 2744 689 2806; x_wconf 87' lang='lat' dir='ltr'>P.</span> <span class='ocrx_word' id='word_1_202' title='bbox 714 2743 837 2806; x_wconf 89' lang='lat' dir='ltr'>Lentulo</span> <span class='ocrx_word' id='word_1_203' title='bbox 862 2743 1014 2824; x_wconf 86' lang='lat' dir='ltr'>Spinthere</span> 
     </span>
     <span class='ocr_line' id='line_1_26' title="bbox 87 2825 1078 2909; baseline -0.006 -16"><span class='ocrx_word' id='word_1_204' title='bbox 87 2827 158 2893; x_wconf 87' lang='lat' dir='ltr'>cos.</span> <span class='ocrx_word' id='word_1_205' title='bbox 177 2829 243 2891; x_wconf 85' lang='lat' dir='ltr'>Eius</span> <span class='ocrx_word' id='word_1_206' title='bbox 265 2827 338 2906; x_wconf 87' lang='lat' dir='ltr'>patri</span> <span class='ocrx_word' id='word_1_207' title='bbox 357 2825 487 2905; x_wconf 86' lang='lat' dir='ltr'>quaestor</span> <span class='ocrx_word' id='word_1_208' title='bbox 512 2825 570 2886; x_wconf 84' lang='lat' dir='ltr'>fuit</span> <span class='ocrx_word' id='word_1_209' title='bbox 589 2826 703 2890; x_wconf 88' lang='lat' dir='ltr'>Cicero.</span> <span class='ocrx_word' id='word_1_210' title='bbox 728 2828 794 2888; x_wconf 80' lang='lat' dir='ltr'>Fuit</span> <span class='ocrx_word' id='word_1_211' title='bbox 818 2844 903 2888; x_wconf 80' lang='lat' dir='ltr'>aurem</span> <span class='ocrx_word' id='word_1_212' title='bbox 922 2831 1014 2909; x_wconf 72' lang='lat' dir='ltr'>Quae·</span> <span class='ocrx_word' id='word_1_213' title='bbox 1069 2846 1078 2861; x_wconf 88' lang='lat'><strong>·</strong></span> 
     </span>
     <span class='ocr_line' id='line_1_27' title="bbox 82 2906 1152 2995; baseline 0.002 -25"><span class='ocrx_word' id='word_1_214' title='bbox 82 2910 141 2995; x_wconf 72' lang='lat' dir='ltr'>fior</span> <span class='ocrx_word' id='word_1_215' title='bbox 158 2911 223 2971; x_wconf 80' lang='lat' dir='ltr'>Sex.</span> <span class='ocrx_word' id='word_1_216' title='bbox 241 2910 373 2970; x_wconf 80' lang='lat' dir='ltr'>Peducaei</span> <span class='ocrx_word' id='word_1_217' title='bbox 392 2908 422 2967; x_wconf 82' lang='lat' dir='ltr'>in</span> <span class='ocrx_word' id='word_1_218' title='bbox 441 2907 547 2970; x_wconf 79' lang='lat' dir='ltr'>Sicilia.</span> <span class='ocrx_word' id='word_1_219' title='bbox 560 2909 681 2968; x_wconf 79' lang='lat' dir='ltr'>Eundem</span> <span class='ocrx_word' id='word_1_220' title='bbox 695 2906 743 2988; x_wconf 82' lang='lat' dir='ltr'>effe</span> <span class='ocrx_word' id='word_1_221' title='bbox 754 2928 841 2993; x_wconf 84' lang='lat' dir='ltr'>puto,</span> <span class='ocrx_word' id='word_1_222' title='bbox 853 2910 898 2991; x_wconf 82' lang='lat' dir='ltr'>qui</span> <span class='ocrx_word' id='word_1_223' title='bbox 916 2911 954 2972; x_wconf 87' lang='lat' dir='ltr'>ad</span> <span class='ocrx_word' id='word_1_224' title='bbox 963 2910 1013 2972; x_wconf 84' lang='lat' dir='ltr'>Di·</span> <span class='ocrx_word' id='word_1_225' title='bbox 1147 2931 1152 2944; x_wconf 91' lang='lat'><em>·</em></span> 
     </span>
     <span class='ocr_line' id='line_1_28' title="bbox 87 2986 1015 3074; baseline -0.001 -21"><span class='ocrx_word' id='word_1_226' title='bbox 87 2989 162 3053; x_wconf 79' lang='lat' dir='ltr'>vers.</span> <span class='ocrx_word' id='word_1_227' title='bbox 195 2986 634 3074; x_wconf 69' lang='lat' dir='ltr'>¹32⁴9·P100⁰¹¹s1¹¹v0⁶‹²²¹¹r·</span> <span class='ocrx_word' id='word_1_228' title='bbox 664 2989 850 3068; x_wconf 90' lang='lat' dir='ltr'>Propraetore</span> <span class='ocrx_word' id='word_1_229' title='bbox 878 2991 1015 3053; x_wconf 74' lang='lat' dir='ltr'>dicendum</span> 
     </span>
     <span class='ocr_line' id='line_1_29' title="bbox 89 3070 792 3154; baseline 0.001 -22"><span class='ocrx_word' id='word_1_230' title='bbox 89 3091 156 3132; x_wconf 86' lang='lat' dir='ltr'>erat.</span> <span class='ocrx_word' id='word_1_231' title='bbox 175 3071 209 3130; x_wconf 85' lang='lat' dir='ltr'>In</span> <span class='ocrx_word' id='word_1_232' title='bbox 228 3094 279 3153; x_wconf 82' lang='lat' dir='ltr'>qua</span> <span class='ocrx_word' id='word_1_233' title='bbox 294 3071 433 3154; x_wconf 78' lang='lat' dir='ltr'>provincia</span> <span class='ocrx_word' id='word_1_234' title='bbox 444 3070 549 3152; x_wconf 79' lang='lat' dir='ltr'>suerit,</span> <span class='ocrx_word' id='word_1_235' title='bbox 568 3074 684 3132; x_wconf 81' lang='lat' dir='ltr'>noudum</span> <span class='ocrx_word' id='word_1_236' title='bbox 702 3074 792 3154; x_wconf 81' lang='lat' dir='ltr'>reperi.</span> 
     </span>
    </p>

    <p class='ocr_par' dir='ltr' id='par_1_10' title="bbox 62 3150 1016 3295">
     <span class='ocr_line' id='line_1_30' title="bbox 62 3150 1016 3295; baseline -0.01 -80"><span class='ocrx_word' id='word_1_237' title='bbox 62 3152 103 3295; x_wconf 65' lang='lat' dir='ltr'><strong>tl&#39;l.</strong></span> <span class='ocrx_word' id='word_1_238' title='bbox 123 3150 283 3229; x_wconf 86' lang='lat' dir='ltr'><strong>CURIUS,</strong></span> <span class='ocrx_word' id='word_1_239' title='bbox 310 3150 383 3215; x_wconf 80' lang='lat' dir='ltr'>Phib</span> <span class='ocrx_word' id='word_1_240' title='bbox 415 3171 448 3235; x_wconf 74' lang='grc' dir='ltr'>ς,</span> <span class='ocrx_word' id='word_1_241' title='bbox 475 3171 499 3237; x_wconf 89' lang='lat'>5.</span> <span class='ocrx_word' id='word_1_242' title='bbox 523 3151 569 3214; x_wconf 79' lang='lat' dir='ltr'><strong>M.</strong></span> <span class='ocrx_word' id='word_1_243' title='bbox 591 3151 714 3214; x_wconf 80' lang='lat' dir='ltr'>Antonii</span> <span class='ocrx_word' id='word_1_244' title='bbox 740 3151 906 3228; x_wconf 83' lang='lat' dir='ltr'>familiaris,</span> <span class='ocrx_word' id='word_1_245' title='bbox 930 3151 1016 3215; x_wconf 84' lang='lat' dir='ltr'>diffo.</span> 
     </span>
    </p>

    <p class='ocr_par' dir='ltr' id='par_1_11' title="bbox 102 3245 660 3294">
     <span class='ocr_line' id='line_1_31' title="bbox 102 3245 660 3294; baseline -0.004 0"><span class='ocrx_word' id='word_1_246' title='bbox 102 3245 180 3294; x_wconf 83' lang='lat' dir='ltr'>utus.</span> <span class='ocrx_word' id='word_1_247' title='bbox 403 3274 407 3279; x_wconf 95' lang='lat'>·</span> <span class='ocrx_word' id='word_1_248' title='bbox 656 3256 660 3271; x_wconf 71' lang='lat'><strong>³</strong></span> 
     </span>
    </p>

    <p class='ocr_par' dir='ltr' id='par_1_12' title="bbox 62 3312 1017 3479">
     <span class='ocr_line' id='line_1_32' title="bbox 62 3312 1017 3395; baseline -0.007 -17"><span class='ocrx_word' id='word_1_249' title='bbox 62 3312 416 3391; x_wconf 76' lang='lat' dir='ltr'>ti’.-CUR1us,adD1‘v.</span> <span class='ocrx_word' id='word_1_250' title='bbox 435 3332 488 3393; x_wconf 78' lang='lat'>13,</span> <span class='ocrx_word' id='word_1_251' title='bbox 509 3331 555 3387; x_wconf 87' lang='lat'>17.</span> <span class='ocrx_word' id='word_1_252' title='bbox 571 3312 732 3390; x_wconf 83' lang='lat' dir='ltr'>negotiator</span> <span class='ocrx_word' id='word_1_253' title='bbox 754 3312 862 3374; x_wconf 86' lang='lat' dir='ltr'>Patris:</span> <span class='ocrx_word' id='word_1_254' title='bbox 884 3313 961 3372; x_wconf 85' lang='lat' dir='ltr'>cuius</span> <span class='ocrx_word' id='word_1_255' title='bbox 982 3315 1017 3395; x_wconf 77' lang='lat' dir='ltr'>est</span> 
     </span>
     <span class='ocr_line' id='line_1_33' title="bbox 89 3390 862 3479; baseline -0.004 -24"><span class='ocrx_word' id='word_1_256' title='bbox 89 3396 199 3479; x_wconf 64' lang='lat' dir='ltr'>epistola</span> <span class='ocrx_word' id='word_1_257' title='bbox 219 3417 258 3473; x_wconf 84' lang='lat'>7,</span> <span class='ocrx_word' id='word_1_258' title='bbox 274 3417 320 3475; x_wconf 84' lang='lat'>29.</span> <span class='ocrx_word' id='word_1_259' title='bbox 336 3395 428 3455; x_wconf 80' lang='lat' dir='ltr'>Attici</span> <span class='ocrx_word' id='word_1_260' title='bbox 448 3397 476 3455; x_wconf 73' lang='lat' dir='ltr'>dc</span> <span class='ocrx_word' id='word_1_261' title='bbox 496 3392 646 3455; x_wconf 87' lang='lat' dir='ltr'>Ciceronis</span> <span class='ocrx_word' id='word_1_262' title='bbox 670 3390 862 3454; x_wconf 85' lang='lat' dir='ltr'>amicissimus.</span> 
     </span>
    </p>

    <p class='ocr_par' dir='ltr' id='par_1_13' title="bbox 62 3472 1011 3555">
     <span class='ocr_line' id='line_1_34' title="bbox 62 3472 1011 3555; baseline -0.003 -17"><span class='ocrx_word' id='word_1_263' title='bbox 62 3475 267 3555; x_wconf 59' lang='lat' dir='ltr'>QCURiU&amp;</span> <span class='ocrx_word' id='word_1_264' title='bbox 286 3478 317 3537; x_wconf 92' lang='lat' dir='ltr'>in</span> <span class='ocrx_word' id='word_1_265' title='bbox 326 3475 507 3555; x_wconf 83' lang='lat' dir='ltr'>Tog..Cand.</span> <span class='ocrx_word' id='word_1_266' title='bbox 526 3473 616 3536; x_wconf 89' lang='lat' dir='ltr'>homo</span> <span class='ocrx_word' id='word_1_267' title='bbox 635 3474 816 3553; x_wconf 86' lang='lat' dir='ltr'>quaestorius.</span> <span class='ocrx_word' id='word_1_268' title='bbox 835 3472 1011 3536; x_wconf 77' lang='lat' dir='ltr'>Petitcons.</span> 
     </span>
    </p>

    <p class='ocr_par' dir='ltr' id='par_1_14' title="bbox 95 3556 407 3635">
     <span class='ocr_line' id='line_1_35' title="bbox 95 3556 407 3635; baseline -0.003 -16"><span class='ocrx_word' id='word_1_269' title='bbox 95 3576 120 3635; x_wconf 84' lang='lat'><strong>3.</strong></span> <span class='ocrx_word' id='word_1_270' title='bbox 136 3557 238 3619; x_wconf 86' lang='lat' dir='ltr'>Socius</span> <span class='ocrx_word' id='word_1_271' title='bbox 255 3556 407 3620; x_wconf 82' lang='lat' dir='ltr'>Catilinae.</span> 
     </span>
    </p>

    <p class='ocr_par' dir='ltr' id='par_1_15' title="bbox 62 3635 1146 3722">
     <span class='ocr_line' id='line_1_36' title="bbox 62 3635 1146 3722; baseline -0.007 -20"><span class='ocrx_word' id='word_1_272' title='bbox 62 3636 224 3711; x_wconf 60' lang='lat' dir='ltr'>{URSOR</span> <span class='ocrx_word' id='word_1_273' title='bbox 246 3638 284 3698; x_wconf 85' lang='lat' dir='ltr'>ad</span> <span class='ocrx_word' id='word_1_274' title='bbox 302 3636 366 3699; x_wconf 82' lang='lat' dir='ltr'>Diu.</span> <span class='ocrx_word' id='word_1_275' title='bbox 384 3661 423 3722; x_wconf 83' lang='lat'>9,</span> <span class='ocrx_word' id='word_1_276' title='bbox 445 3657 491 3699; x_wconf 86' lang='lat'><strong>21.</strong></span> <span class='ocrx_word' id='word_1_277' title='bbox 510 3654 674 3715; x_wconf 88' lang='lat' dir='ltr'>cognomen</span> <span class='ocrx_word' id='word_1_278' title='bbox 688 3635 720 3698; x_wconf 89' lang='lat' dir='ltr'><strong>L.</strong></span> <span class='ocrx_word' id='word_1_279' title='bbox 737 3636 849 3714; x_wconf 82' lang='lat' dir='ltr'>Papirii.</span> <span class='ocrx_word' id='word_1_280' title='bbox 988 3710 995 3717; x_wconf 27' lang='grc' dir='ltr'>ι</span> <span class='ocrx_word' id='word_1_281' title='bbox 1141 3672 1146 3681; x_wconf 88' lang='lat'>·</span> 
     </span>
    </p>

    <p class='ocr_par' dir='ltr' id='par_1_16' title="bbox 62 3714 1013 3863">
     <span class='ocr_line' id='line_1_37' title="bbox 62 3714 1013 3863; baseline -0.011 -78"><span class='ocrx_word' id='word_1_282' title='bbox 62 3717 241 3863; x_wconf 51' lang='lat' dir='ltr'>mffllus’</span> <span class='ocrx_word' id='word_1_283' title='bbox 267 3718 350 3783; x_wconf 87' lang='lat' dir='ltr'>Rosc.</span> <span class='ocrx_word' id='word_1_284' title='bbox 374 3739 417 3801; x_wconf 86' lang='lat'><strong>32.</strong></span> <span class='ocrx_word' id='word_1_285' title='bbox 441 3717 607 3793; x_wconf 84' lang='lat' dir='ltr'>accusator,</span> <span class='ocrx_word' id='word_1_286' title='bbox 632 3717 708 3779; x_wconf 85' lang='lat' dir='ltr'>bcilo</span> <span class='ocrx_word' id='word_1_287' title='bbox 731 3716 808 3779; x_wconf 88' lang='lat' dir='ltr'>civili</span> <span class='ocrx_word' id='word_1_288' title='bbox 829 3714 947 3780; x_wconf 83' lang='lat' dir='ltr'>Sullano</span> <span class='ocrx_word' id='word_1_289' title='bbox 969 3720 1013 3781; x_wconf 88' lang='lat' dir='ltr'>in.</span> 
     </span>
    </p>

    <p class='ocr_par' dir='ltr' id='par_1_17' title="bbox 150 3804 241 3863">
     <span class='ocr_line' id='line_1_38' title="bbox 150 3804 241 3863; baseline -0.033 0"><span class='ocrx_word' id='word_1_290' title='bbox 150 3804 241 3863; x_wconf 77' lang='lat' dir='ltr'>etius.</span> 
     </span>
    </p>

    <p class='ocr_par' dir='ltr' id='par_1_18' title="bbox 62 3878 1016 4284">
     <span class='ocr_line' id='line_1_39' title="bbox 62 3878 1013 3962; baseline -0.006 -19"><span class='ocrx_word' id='word_1_291' title='bbox 62 3878 239 3956; x_wconf 67' lang='lat' dir='ltr'>:tr-Rutu,</span> <span class='ocrx_word' id='word_1_292' title='bbox 255 3882 334 3943; x_wconf 87' lang='lat' dir='ltr'>Verr.</span> <span class='ocrx_word' id='word_1_293' title='bbox 357 3902 390 3956; x_wconf 83' lang='lat' dir='ltr'>r,</span> <span class='ocrx_word' id='word_1_294' title='bbox 412 3900 456 3962; x_wconf 88' lang='lat'>39.</span> <span class='ocrx_word' id='word_1_295' title='bbox 483 3880 552 3942; x_wconf 83' lang='lat' dir='ltr'>civis</span> <span class='ocrx_word' id='word_1_296' title='bbox 577 3880 661 3943; x_wconf 90' lang='lat' dir='ltr'>Rom.</span> <span class='ocrx_word' id='word_1_297' title='bbox 683 3881 732 3958; x_wconf 91' lang='lat' dir='ltr'>qui</span> <span class='ocrx_word' id='word_1_298' title='bbox 758 3878 794 3943; x_wconf 86' lang='lat' dir='ltr'><strong>C.</strong></span> <span class='ocrx_word' id='word_1_299' title='bbox 810 3881 904 3943; x_wconf 87' lang='lat' dir='ltr'>Verris</span> <span class='ocrx_word' id='word_1_300' title='bbox 923 3901 1013 3961; x_wconf 87' lang='lat' dir='ltr'>pecu.</span> 
     </span>
     <span class='ocr_line' id='line_1_40' title="bbox 90 3961 1010 4057; baseline -0.004 -30"><span class='ocrx_word' id='word_1_301' title='bbox 90 3964 155 4027; x_wconf 83' lang='lat' dir='ltr'>nias</span> <span class='ocrx_word' id='word_1_302' title='bbox 180 3964 414 4025; x_wconf 73' lang='lat' dir='ltr'>entraordinarias</span> <span class='ocrx_word' id='word_1_303' title='bbox 432 3961 580 4024; x_wconf 69' lang='lat' dir='ltr'>tractabat.</span> <span class='ocrx_word' id='word_1_304' title='bbox 607 3964 663 4023; x_wconf 83' lang='lat' dir='ltr'>Sed</span> <span class='ocrx_word' id='word_1_305' title='bbox 682 3965 828 4023; x_wconf 81' lang='lat' dir='ltr'>Manutius</span> <span class='ocrx_word' id='word_1_306' title='bbox 850 3964 888 4025; x_wconf 79' lang='lat' dir='ltr'>ibi</span> <span class='ocrx_word' id='word_1_307' title='bbox 896 3986 950 4057; x_wconf 68' lang='lat' dir='ltr'>pro</span> <span class='ocrx_word' id='word_1_308' title='bbox 972 3966 1010 4040; x_wconf 80' lang='lat' dir='ltr'><strong>Q.</strong></span> 
     </span>
     <span class='ocr_line' id='line_1_41' title="bbox 87 4041 1016 4123; baseline -0.009 -14"><span class='ocrx_word' id='word_1_309' title='bbox 87 4046 147 4109; x_wconf 73' lang='lat' dir='ltr'>Cra</span> <span class='ocrx_word' id='word_1_310' title='bbox 166 4044 333 4119; x_wconf 74' lang='lat' dir='ltr'>Postumis,</span> <span class='ocrx_word' id='word_1_311' title='bbox 353 4043 481 4116; x_wconf 86' lang='lat' dir='ltr'>Curtiis,</span> <span class='ocrx_word' id='word_1_312' title='bbox 502 4045 565 4123; x_wconf 69' lang='lat' dir='ltr'>tegit</span> <span class='ocrx_word' id='word_1_313' title='bbox 587 4044 626 4120; x_wconf 83' lang='lat' dir='ltr'><strong>Q.</strong></span> <span class='ocrx_word' id='word_1_314' title='bbox 645 4046 671 4105; x_wconf 80' lang='lat' dir='ltr'>d:</span> <span class='ocrx_word' id='word_1_315' title='bbox 688 4041 744 4105; x_wconf 89' lang='lat' dir='ltr'>Cn.</span> <span class='ocrx_word' id='word_1_316' title='bbox 770 4042 918 4105; x_wconf 78' lang='lat' dir='ltr'>Postumis</span> <span class='ocrx_word' id='word_1_317' title='bbox 941 4043 1016 4106; x_wconf 86' lang='lat' dir='ltr'>Cur·</span> 
     </span>
     <span class='ocr_line' id='line_1_42' title="bbox 89 4122 1013 4209; baseline -0.009 -23"><span class='ocrx_word' id='word_1_318' title='bbox 89 4128 160 4209; x_wconf 78' lang='lat' dir='ltr'>tiis,</span> <span class='ocrx_word' id='word_1_319' title='bbox 176 4137 209 4186; x_wconf 86' lang='lat' dir='ltr'>ut</span> <span class='ocrx_word' id='word_1_320' title='bbox 226 4129 264 4204; x_wconf 86' lang='lat' dir='ltr'><strong>Q.</strong></span> <span class='ocrx_word' id='word_1_321' title='bbox 286 4125 313 4183; x_wconf 66' lang='lat' dir='ltr'>fi.</span> <span class='ocrx_word' id='word_1_322' title='bbox 334 4129 383 4186; x_wconf 84' lang='lat' dir='ltr'>Cn.</span> <span class='ocrx_word' id='word_1_323' title='bbox 399 4129 437 4186; x_wconf 76' lang='lat' dir='ltr'>ad</span> <span class='ocrx_word' id='word_1_324' title='bbox 459 4126 564 4186; x_wconf 81' lang='lat' dir='ltr'>Curtios</span> <span class='ocrx_word' id='word_1_325' title='bbox 582 4125 722 4203; x_wconf 69' lang='lat' dir='ltr'>reseratur,</span> <span class='ocrx_word' id='word_1_326' title='bbox 733 4125 837 4205; x_wconf 76' lang='lat' dir='ltr'>statque</span> <span class='ocrx_word' id='word_1_327' title='bbox 855 4122 982 4205; x_wconf 75' lang='lat' dir='ltr'>Postumii</span> <span class='ocrx_word' id='word_1_328' title='bbox 994 4145 1013 4179; x_wconf 84' lang='lat' dir='ltr'>a</span> 
     </span>
     <span class='ocr_line' id='line_1_43' title="bbox 94 4206 388 4284; baseline -0.007 -15"><span class='ocrx_word' id='word_1_329' title='bbox 94 4209 198 4269; x_wconf 77' lang='lat' dir='ltr'>Curtiis</span> <span class='ocrx_word' id='word_1_330' title='bbox 213 4228 267 4265; x_wconf 79' lang='lat' dir='ltr'>noa</span> <span class='ocrx_word' id='word_1_331' title='bbox 287 4206 388 4284; x_wconf 78' lang='lat' dir='ltr'>diaerfi.</span> 
     </span>
    </p>
   </div>
   <div class='ocr_carea' id='block_1_4' title="bbox 0 0 1175 4628">
    <p class='ocr_par' dir='ltr' id='par_1_19' title="bbox 0 0 1175 4628">
     <span class='ocr_line' id='line_1_44' title="bbox 0 0 1175 4628; baseline 0 0"><span class='ocrx_word' id='word_1_332' title='bbox 0 0 1175 4628; x_wconf 95' lang='lat' dir='ltr'> </span> 
     </span>
    </p>
   </div>
  </div>
 </body>
</html>
