2340 4628
104 652 107 657 ·
180 646 606 739 oa'nutc'trtt.
648 682 690 709 ··
804 670 882 767 aaa

68 815 884 925 pitdeinderes3q11aeprocliviusadperniciem„
935 816 950 874 ’-

68 933 111 1005 rel
125 933 254 1030 coepit,
266 933 395 1009 labitur.
420 934 550 1009 Videtis
562 936 726 1013 intabesla
739 939 806 1015 iarn
817 964 880 1015 an·

68 1040 136 1114 asrt
145 1041 227 1115 sada
237 1042 327 1117 labes
337 1098 348 1133 ,
360 1045 472 1142 primo
487 1044 629 1119 Gdrinia
639 1047 732 1145 lege,
741 1046 879 1123 biennio

68 1151 262 1242 amentia
278 1155 401 1251 Videre
413 1156 480 1229 iam
491 1144 614 1249 videor
625 1159 787 1256 populum
798 1184 819 1233 a
830 1161 881 1235 se·

69 1266 237 1353 imaum,
250 1268 536 1366 multitudinisque
549 1267 687 1343 arbitrio
703 1292 758 1344 res
773 1268 881 1343 maxi·

68 1427 71 1445 .
95 1376 208 1450 Plures
223 1378 313 1448 enim
334 1375 481 1462 discent,
496 1378 784 1477 quemadmodum
797 1377 891 1455 haec.

68 1506 134 1555 ram
147 1482 434 1581 quemadmodum
447 1481 498 1556 his
509 1480 683 1573 reddatur.
707 1483 880 1579 Quorsum
898 1500 932 1557 ⁴¹
974 1532 977 1537 -

68 1591 122 1664 uia
137 1589 204 1663 fine
222 1589 321 1664 sociis
334 1582 637 1693 nenroquidquam¹
647 1594 713 1669 tale
730 1612 881 1669 conatur.

70 1701 192 1775 endum
215 1699 261 1773 est
284 1700 386 1799 igitur
401 1703 518 1794 bonis,
538 1721 597 1791 ut,
616 1703 642 1776 fi
659 1702 696 1777 in
714 1700 883 1778 eiusmodi
997 1722 1002 1727 '

68 1831 81 1879 a
108 1806 211 1906 ignari
234 1808 310 1881 casu
337 1809 451 1909 aliquo
476 1812 677 1903 inciderint,
701 1836 745 1885 ne
768 1810 882 1887 exitii-

68 1917 123 1999 ase
138 1916 301 2014 alligatos,
313 1944 350 1993 ur
363 1920 541 2011 abamicis,
550 1910 670 2020 magna
680 1914 885 2022 aliquarein

68 2025 161 2099 licam
187 2030 398 2123 peccantibus
414 2055 485 2104 non
507 2030 693 2104 discedant:
716 2030 886 2128 improbis

68 2158 161 2208 toena
174 2135 340 2211 statuenda
355 2136 422 2225 est;
435 2164 497 2212 nec
515 2162 602 2213 vero
623 2140 737 2215 minor
750 2141 808 2228 iis,
822 2138 884 2241 qui

68 2270 166 2318 erunt
178 2247 339 2336 alterum,
354 2273 454 2345 quam
467 2249 529 2335 iis,
540 2247 600 2346 qui
612 2245 672 2344 ipsi
684 2247 805 2322 suerint
816 2250 885 2324 im·

71 2359 179 2431 duces.
200 2359 286 2450 Quis
300 2361 420 2431 clarior
437 2359 472 2430 in
486 2357 627 2430 Graecia
641 2358 885 2435 Themistocle?

68 2467 204 2539 sentior?
218 2468 274 2564 qui
290 2492 365 2543 cunt
381 2466 563 2563 imperator
578 2466 667 2537 bello
678 2467 808 2543 Persico
821 2471 886 2545 se'r·

68 2581 222 2652 iraeciam
245 2576 426 2668 liberasset,
447 2594 649 2675 propterque
670 2576 829 2653 invidiam
848 2581 885 2657 in

68 2690 196 2764 missus
218 2689 314 2779 effer,
333 2688 477 2784 ingratae
498 2685 622 2783 patriae
640 2686 794 2769 iniuriam
813 2716 886 2766 non

68 2825 129 2872 tarn
151 2800 236 2873 ferre
251 2801 372 2872 debuit.
387 2797 466 2871 fecit
482 2799 588 2888 idem,
601 2800 696 2897 quo'd
713 2820 770 2873 xx
788 2804 884 2881 annis

68 2915 102 2987 rd
115 2939 177 2986 nos
192 2913 315 2987 secerat
328 2913 537 2988 Coriolanus.
550 2914 610 2988 His
623 2912 755 2988 adiutor
768 2939 897 2990 contrav

77 3025 232 3097 inventus
248 3023 294 3095 est
310 3047 420 3096 nemo.
434 3023 544 3122 itaque
558 3041 701 3097 mortem
719 3022 779 3097 fibi
796 3044 888 3099 uter-

68 3136 184 3209 tscivit.
217 3137 330 3228 Quare
351 3135 424 3209 talis
450 3136 685 3231 improborum
712 3135 886 3208 consensio
903 3161 937 3218 tr

68 3247 126 3319 ›do
148 3247 357 3319 excusatione
380 3246 544 3319 amicitiae
566 3244 707 3340 tegenda
727 3244 887 3336 nonest,
990 3290 994 3298 ·

68 3381 109 3428 ¹us
122 3356 216 3429 omni
230 3355 391 3452 supplicio
407 3355 625 3438 vindicanda;
638 3371 676 3425 ut
686 3376 728 3424 ne
739 3350 814 3448 quis
827 3351 887 3459 srbi

68 3493 116 3539 rm
134 3483 243 3561 putet,
258 3468 420 3551 amicum,
441 3466 497 3540 vel
516 3464 637 3537 bellum
652 3462 777 3559 patriae
795 3463 886 3539 infe-

83 3579 184 3677 sequi.
201 3580 294 3675 quod
308 3578 464 3676 quidem,
478 3594 515 3649 ut
529 3599 582 3650 res
593 3575 705 3672 coepit
718 3572 784 3667 ire,
795 3575 894 3651 haud'

85 3688 262 3785 aliquando
276 3687 424 3761 futurum
439 3687 487 3760 stt.
513 3686 598 3759 Mihi
613 3707 721 3759 autem
738 3688 807 3760 non
820 3689 886 3762 nri·

68 3824 115 3872 rae
129 3799 192 3889 cst,
202 3799 309 3898 qualis
322 3797 505 3895 respublica
519 3795 593 3894 posi
608 3814 753 3870 mortem
773 3821 886 3870 meam

68 3909 106 3995 it,
118 3933 220 4005 quam
241 3907 344 4004 qualis
362 3906 463 3979 hodie
485 3904 534 3979 srt.
551 3907 643 3981 Haec
656 3905 755 4005 igitur
776 3907 884 4004 prima
905 3929 947 4004 13

68 4021 153 4093 :iriae
162 4020 338 4103 sanciatur,
349 4037 386 4090 ut
396 4019 436 4089 ab
446 4017 561 4091 amicis
570 4018 707 4092 honesta
717 4034 885 4113 petamus,
899 4046 934 4095 44

68 4154 112 4203 un
129 4126 224 4206 causa
247 4126 385 4204 honesta
405 4124 579 4205 faciamus:
598 4152 640 4205 nc
663 4124 884 4222 exspediemue
