2340 4628
293 596 590 721 ¹iiiiuit
640 653 721 725 iii.
906 678 1034 751 ,ω

68 812 205 913 quinon
230 811 392 886 defendit
415 811 590 902 iniuriam,
605 837 715 910 neque
735 813 904 912 propulsat
917 839 936 887 a
949 815 1037 905 sitis,

68 946 138 997 cum
161 922 311 1023 potest,
326 920 444 995 iniuste
466 919 567 1012 facit,
581 941 618 994 ut
638 922 674 992 in
695 924 806 1020 ptimo
827 923 916 997 libro
939 924 1040 1000 disse·

71 1035 139 1123 tui;
157 1038 273 1137 qualis
290 1035 463 1109 habendus
484 1034 531 1106 est
549 1036 597 1124 is,
610 1035 667 1134 qui
686 1058 756 1106 non
776 1036 883 1108 modo
896 1060 966 1108 non
983 1062 1039 1111 re·

73 1146 180 1243 pellit,
207 1147 395 1222 sedetiam
419 1147 554 1218 adiuvat
579 1143 768 1218 iniuriam?
798 1144 883 1217 Mihi
905 1146 1041 1243 quiden

73 1252 168 1326 etiam
192 1279 298 1329 verae
317 1255 537 1341 hereditates,
561 1280 631 1328 non
651 1251 807 1327 honestae
823 1253 1043 1341 videntur,li

75 1359 134 1436 lim
145 1363 320 1437 malitiosis
335 1362 501 1438 blanditiis
517 1365 708 1438 officiorum
715 1355 732 1451 ,'
741 1389 810 1437 noii
822 1363 978 1456 veritate,
990 1365 1046 1440 sed

74 1468 285 1545 simulatione
299 1470 473 1570 quaesitae.
507 1475 613 1573 Atqui
635 1475 672 1547 iii
690 1475 812 1547 'talibus
833 1473 932 1547 rebus
957 1447 1047 1551 aliud

75 1579 155 1652 utile
176 1583 364 1670 interdum,
376 1583 463 1655 aliud
482 1583 658 1657 honestum
680 1583 790 1659 videri
810 1582 912 1659 solet..
927 1585 1045 1660 Falso:
1060 1617 1094 1668 75

76 1716 154 1764 nam
175 1694 294 1767 eadem
307 1694 476 1784 utilitatis,
490 1720 575 1792 quae
588 1693 767 1768 honestatis
788 1693 836 1768 est
851 1696 975 1794 regula.
989 1695 1049 1795 qui

77 1805 146 1879 hoe
165 1830 236 1879 non
252 1806 458 1904 perviderit,
474 1806 597 1879 abhoc
617 1806 705 1878 nulla
725 1803 813 1878 fraus
831 1805 955 1894 aberit,
971 1806 1049 1879 nul-

76 1915 149 1987 lum
172 1916 309 1990 facinus.
326 1915 371 1990 sic
384 1917 473 1990 euim
498 1915 649 2012 cogitans
665 1943 674 1988 :
691 1918 750 2018 Est
765 1918 840 2017 istuc
856 1920 978 2011 quidem
993 1904 1067 1990 sio-⁷

76 2026 220 2125 inflavit,
237 2054 343 2098 verum
369 2029 424 2098 hoc
444 2029 597 2118 expedit:
620 2049 674 2098 res
700 2051 720 2098 a
744 2045 857 2098 natura
880 2027 1051 2124 copulatas

78 2131 216 2202 audebit
242 2153 358 2202 errore
384 2129 567 2215 divellere3
591 2131 649 2227 qui
676 2130 753 2206 fons
775 2131 822 2204 est
853 2132 1049 2225 fraudium,

79 2236 347 2327 maleficiorum,
368 2239 525 2311 scelerum
547 2242 711 2313 omnium.
740 2241 891 2335 ltaquesi
910 2243 964 2314 vit
982 2243 1047 2315 bo·
1071 2265 1115 2337 ¹9

81 2373 144 2420 nus
163 2350 283 2420 habeat
314 2350 398 2422 hanc
418 2350 509 2438 vim,
532 2365 590 2436 ut,
616 2350 639 2418 si
661 2351 771 2446 digitis
791 2354 1052 2449 concrepuerit,

83 2456 185 2555 possit
211 2457 247 2526 in
266 2458 486 2554 locupletium
511 2456 705 2529 testamenta
725 2483 849 2530 nomeu
876 2461 947 2532 eius
971 2462 1053 2537 irre-

82 2597 187 2668 pere,
202 2572 264 2642 hac
285 2570 321 2642 vi
344 2595 412 2643 nori
431 2589 564 2656 utatur,
581 2594 621 2640 ne
644 2570 667 2641 si
687 2569 897 2665 exploratum
917 2570 1053 2667 quidem

84 2682 224 2768 haheat,
240 2681 275 2750 id
289 2681 431 2752 omnino
449 2680 616 2752 neminem
638 2705 785 2778 unquam
809 2678 1056 2774 suspicaturum.

84 2798 132 2864 At
145 2793 240 2862 dates
254 2793 338 2866 haiic
353 2792 422 2863 vim
439 2798 486 2864 M.
499 2793 637 2881 Crasso,
654 2817 692 2866 ut
711 2793 894 2889 digitorum
917 2791 1054 2888 percus·

84 2902 179 2974 fione
203 2903 299 2974 heres
326 2902 433 2998 poffet
463 2903 601 3000 scriptus
625 2904 713 2991 elle,
735 2904 794 3001 qui
817 2929 853 2975 re
878 2928 957 2974 vera
982 2927 1058 2977 noo
1102 2921 1104 2925 ’

85 3010 166 3083 esset
182 3011 295 3095 heres3
311 3012 344 3082 in
364 3012 467 3101 soro,
481 3013 563 3084 mihi
578 3016 696 3103 crede,
715 3014 852 3084 saltaret.
876 3013 982 3084 homo
997 3037 1055 3085 au·
1090 3066 1091 3069 ,

86 3137 154 3192 tem
182 3118 302 3209 iustus,
325 3122 438 3218 isque,
463 3146 564 3218 quem
589 3124 882 3196 sentimusvirum
906 3121 1058 3216 bonum,

87 3231 171 3303 nihil
190 3232 344 3328 cuiquam
355 3264 370 3321 ,¹
379 3234 473 3329 quod
494 3234 528 3305 in
552 3235 584 3306 se
606 3234 797 3317 transferat,
818 3230 977 3301 detrahet.
991 3230 1057 3303 hoc

87 3344 147 3439 qui
169 3344 374 3430 admiratur,
388 3345 414 3416 is
433 3345 488 3430 se,
503 3346 585 3442 quid
602 3346 639 3416 sit
660 3345 715 3416 vir
732 3342 855 3429 bonus,
869 3340 993 3410 nescite
1008 3338 1057 3411 fa·

88 3471 205 3526 teatur.
229 3459 273 3526 At
293 3481 377 3527 veto
402 3455 425 3527 si
452 3459 527 3554 quis
549 3455 694 3528 voluerit
723 3453 826 3524 animi
842 3450 891 3522 sui
911 3450 1054 3548 compli·
1074 3467 1106 3528 76

88 3583 198 3636 catam
222 3567 400 3651 notionem¹
420 3569 598 3654 evolvere,
611 3565 677 3636 iani
694 3565 725 3637 se
740 3565 807 3661 ipse
828 3562 1056 3652 doceat,eum

89 3673 201 3742 virum
227 3674 356 3746 bonum
377 3675 530 3773 esie‚qui
550 3673 653 3771 prosit
671 3674 790 3770 quibus
803 3672 923 3769 poffi13
939 3695 1058 3745 noceat

90 3782 238 3871 nemini,
257 3785 316 3854 nisi
335 3786 496 3859 lacessitus
517 3786 649 3857 iniuria.
669 3784 762 3875 Quid
784 3783 893 3880 ergo?
911 3781 966 3855 hic
989 3807 1059 3854 non

90 3912 210 3963 noceat
223 3947 233 3981 ‚
247 3891 308 3990 qni
326 3895 473 3988 quodam
493 3892 581 3988 quali
606 3915 743 3993 venetio
767 3889 935 3987 perficiat,
950 3909 986 3963 ut
999 3914 1059 3962 ve-

90 4027 147 4076 ros
160 4005 302 4078 heredes
319 4024 477 4086 moveat,
491 4002 525 4072 in
539 4027 659 4073 eorum
671 4002 785 4073 locum
799 4002 866 4097 ipse
879 3997 1058 4074 succedat?

91 4113 170 4187 Noti
183 4116 288 4214 igitur
300 4111 398 4183 faciat
412 4109 551 4208 (dixerit
560 4107 651 4208 quis)
659 4110 752 4207 quod
761 4110 838 4182 utile
850 4107 900 4196 sit,
908 4107 1002 4203 quod
1011 4130 1064 4177 eit·
