2340 4628
61 39 1168 315 w

502 100 507 115 .

316 370 322 383 ⁵
1093 438 1095 443 Ι
1144 402 1150 431 r

867 537 872 551 1

166 680 213 775 78
407 672 902 753 Deorrrctrs

165 844 216 916 bis
243 868 260 915 a
290 842 445 914 Panaetio
467 863 807 930 commemorantur,
829 843 1000 918 neminem
1026 872 1135 948 neque

165 953 286 1024 ducem
308 952 416 1041 bello,
434 976 496 1023 nec
519 950 708 1049 principem
727 951 847 1043 domi,
859 978 995 1053 magnas
1016 980 1089 1049 res,
1102 977 1135 1034 et

162 1060 316 1134 salutares
327 1060 394 1134 stne
405 1060 582 1133 hominum
597 1058 708 1134 studiis
719 1084 832 1164 gerere
845 1063 1013 1158 potuiffe?
1027 1068 1134 1141 (lom-

162 1192 369 1245 memoratur
390 1172 433 1243 ab
459 1196 502 1243 eo
525 1170 788 1263 Themistocles,
813 1172 979 1266 Pericles,
994 1176 1134 1276 Cyrus,

160 1282 351 1381 Agesilaus,
371 1283 580 1372 Alexander,
603 1307 690 1380 quos
716 1293 813 1381 neg'at
839 1284 906 1359 sine
934 1287 1131 1363 adiumentis

158 1391 336 1466 hominum
357 1412 461 1466 tantas
481 1417 535 1464 res
554 1391 687 1464 efficere
714 1392 872 1489 potuisse.
893 1395 1013 1468 Utitur
1034 1395 1074 1469 in
1096 1421 1131 1472 te

160 1526 232 1575 non
251 1502 350 1576 dubia
364 1503 497 1576 testibus
516 1525 586 1573 non
609 1496 804 1576 necessariis.
817 1509 932 1603 Atque
944 1523 983 1579 ut
997 1530 1132 1604 magnas

160 1614 318 1687 utilitates
334 1613 548 1709 'adipiscimur
564 1612 813 1708 conspiratione
833 1613 1012 1688 hominum
1034 1634 1130 1714 atque

162 1723 401 1808 consensu3s1c
426 1723 515 1795 nulla
535 1741 603 1795 tam
627 1722 826 1797 detestabilis
846 1722 946 1820 pestis
965 1723 1034 1814 etl,
1047 1748 1131 1824 quae

160 1859 232 1906 non
244 1835 375 1907 homini
390 1836 431 1907 ab
441 1836 577 1908 homine
591 1835 753 1908 nascatur.
771 1835 825 1906 Est
833 1834 1035 1927 Dicaearchi
1047 1836 1130 1910 liber

160 1944 203 2017 de
220 1945 355 2020 interitu
372 1947 549 2019 hominum
560 2000 571 2037 ,
584 1945 795 2044 Peripatetici
809 1946 922 2046 magni
934 1968 969 2022 et
982 1947 1131 2045 copiofi;

52 2111 59 2134 1
119 2140 122 2144 ,
162 2057 238 2154 qui,
257 2059 401 2133 colleslis
423 2058 541 2132 ceteris
557 2058 680 2148 causas,
693 2057 885 2145 eluvionis,
907 2056 1129 2155 pestilentiae,

159 2168 340 2262 vastitatis,
363 2172 533 2244 beluarum
550 2171 650 2243 etiam
671 2173 864 2270 repentinae
887 2172 1130 2264 multitudiniS,

158 2303 300 2375 quarum
315 2280 444 2377 impetu
457 2280 558 2352 docet
569 2281 731 2377 quaedam
745 2282 921 2354 hominum
934 2305 1054 2379 genera
1067 2282 1130 2356 esse

161 2389 348 2485 consumta:
360 2390 480 2463 deinde
491 2409 682 2486 comparat,
692 2413 818 2487 quanto
831 2391 941 2487 plures
954 2392 1054 2466 deleti
1068 2390 1129 2464 sint

159 2497 315 2572 homines
334 2499 508 2572 hominum
533 2499 686 2596 impetu,
701 2500 736 2572 id
757 2499 803 2572 esl
815 2552 826 2588 ,
840 2499 953 2589 bellis,
967 2521 1025 2573 aut
1042 2498 1127 2575 sedi·

161 2606 331 2696 tionibus,
345 2633 443 2706 quam
469 2608 562 2679 omni
581 2610 707 2707 reliqua
728 2609 923 2684 calamitate.

109 2741 142 2791 ¹7
211 2720 301 2790 Cum
328 2720 428 2815 igitur
449 2720 504 2791 hic
525 2721 621 2793 locus
641 2720 720 2792 nihil
744 2721 862 2795 habeat
886 2721 1128 2822 dubitationis,

157 2829 240 2925 quin
271 2830 423 2901 homines
446 2829 625 2926 plurimum
648 2832 841 2905 hominibus
867 2849 900 2904 et
923 2830 1074 2929 prosint,
1095 2850 1126 2906 et

158 2935 287 3021 obfint3
302 2936 477 3031 proprium
498 2937 564 3008 hoc
581 2934 687 3008 statuo
711 2937 776 3009 effe
795 2938 948 3027 virtutis,
964 2939 1125 3012 concilia-

156 3069 194 3118 re
208 3044 337 3117 animos
350 3043 524 3115 hominum
535 3098 546 3133 ‚
559 3065 592 3117 et
607 3044 647 3115 ad
661 3045 737 3118 usus
753 3045 833 3121 suos·
849 3046 1038 3145 adiungere.
1062 3050 1125 3120 lta·

156 3181 240 3256 que,
250 3179 335 3255 quae
350 3154 386 3227 in
398 3154 497 3228 rebus
515 3154 684 3244 inanimis,
701 3181 854 3255 quaeque
865 3158 900 3228 in
919 3157 978 3231 usu
992 3176 1027 3229 et
1041 3176 1126 3232 uac-

154 3263 281 3337 tatione
302 3263 472 3339 beluarum
491 3261 576 3337 siunt
596 3264 717 3336 utiliter
736 3266 777 3337 ad
797 3266 974 3339 hominum
992 3249 1124 3356 vitam,

155 3377 280 3449 artibus
289 3401 326 3448 ea
336 3376 525 3450 tribuuntur
532 3375 699 3473 operofis3
710 3378 885 3450 hominum
899 3393 1008 3449 autem
1020 3376 1124 3451 studia

154 3484 196 3555 ad
208 3483 499 3582 amplificationem
513 3482 696 3556 nostrarum
710 3509 822 3557 rerum
835 3500 969 3578 promta
983 3506 1023 3554 ac
1035 3506 1124 3578 para·

154 3612 205 3683 ta,
216 3586 366 3667 sitorum
378 3594 610 3691 praestantium
626 3594 784 3690 sapientia
796 3617 830 3667 et
839 3595 965 3665 virtute
977 3594 1123 3666 excitan-

108 3722 137 3777 ιε
155 3723 219 3777 tur.
230 3703 358 3775 Etenim
369 3702 473 3774 virtus
486 3706 597 3775 omnis
610 3705 714 3776 tribus
724 3704 759 3774 in
769 3703 867 3774 rebus
880 3698 951 3773 sere
963 3701 1121 3774 vertitur:

154 3836 295 3908 quarum
305 3834 369 3882 una
380 3808 469 3881 estin
482 3813 714 3908 perspiciendo
729 3813 810 3910 quid
821 3813 857 3884 in
869 3837 1001 3911 quaque
1016 3834 1055 3882 re
1066 3830 1122 3883 ve·

156 3949 228 3994 rum
238 3923 465 4020 sincerumque
474 3923 529 4015 fit,
540 3925 623 4022 quid
637 3925 874 3997 consentanum
888 3923 1030 4021 cuique,
1041 3922 1121 4021 quid

155 4033 421 4130 consequens,ex
430 4059 501 4130 quo
509 4031 659 4132 quaeque
667 4036 854 4133 gignantur,
865 4058 950 4133 quae
959 4034 1121 4132 cuiusque

156 4145 201 4218 rei
218 4145 310 4220 causa
326 4144 378 4221 stt:
390 4146 540 4240 aueum,
555 4149 715 4223 cohibere
725 4166 836 4223 motus
844 4148 946 4224 animi
955 4148 1119 4233 terebatur,
