<?xml version="1.0" encoding="UTF-8"?>
<!DOCTYPE html PUBLIC "-//W3C//DTD XHTML 1.0 Transitional//EN"
    "http://www.w3.org/TR/xhtml1/DTD/xhtml1-transitional.dtd">
<html xmlns="http://www.w3.org/1999/xhtml" xml:lang="en" lang="en">
 <head>
  <title>
</title>
<meta http-equiv="Content-Type" content="text/html;charset=utf-8" />
  <meta name='ocr-system' content='tesseract 3.04.00' />
  <meta name='ocr-capabilities' content='ocr_page ocr_carea ocr_par ocr_line ocrx_word'/>
</head>
<body>
  <div class='ocr_page' id='page_1' title='image "./mtulliiciceroni01plutgoog_0047.png"; bbox 0 0 2340 4628; ppageno 0'>
   <div class='ocr_carea' id='block_1_1' title="bbox 102 39 1094 317">
    <p class='ocr_par' dir='ltr' id='par_1_1' title="bbox 102 39 1094 317">
     <span class='ocr_line' id='line_1_1' title="bbox 102 39 1094 317; baseline 0.001 -3"><span class='ocrx_word' id='word_1_1' title='bbox 102 39 1094 317; x_wconf 74' lang='grc'>.-</span> 
     </span>
    </p>
   </div>
   <div class='ocr_carea' id='block_1_2' title="bbox 219 626 1010 749">
    <p class='ocr_par' dir='ltr' id='par_1_2' title="bbox 219 626 1010 749">
     <span class='ocr_line' id='line_1_2' title="bbox 219 626 1010 749; baseline 0.001 -24"><span class='ocrx_word' id='word_1_2' title='bbox 219 653 266 749; x_wconf 73' lang='lat' dir='ltr'>,a</span> <span class='ocrx_word' id='word_1_3' title='bbox 448 632 942 726; x_wconf 70' lang='lat' dir='ltr'>monarcus</span> <span class='ocrx_word' id='word_1_4' title='bbox 1007 626 1010 631; x_wconf 79' lang='grc'>’</span> 
     </span>
    </p>
   </div>
   <div class='ocr_carea' id='block_1_3' title="bbox 81 810 1094 4189">
    <p class='ocr_par' dir='ltr' id='par_1_3' title="bbox 81 810 1094 4189">
     <span class='ocr_line' id='line_1_3' title="bbox 217 810 1094 913; baseline 0.005 -30"><span class='ocrx_word' id='word_1_5' title='bbox 217 828 309 883; x_wconf 83' lang='lat' dir='ltr'>anna</span> <span class='ocrx_word' id='word_1_6' title='bbox 322 810 424 912; x_wconf 90' lang='lat' dir='ltr'>impia</span> <span class='ocrx_word' id='word_1_7' title='bbox 437 812 638 886; x_wconf 86' lang='lat' dir='ltr'>c&#39;eciderunt</span> <span class='ocrx_word' id='word_1_8' title='bbox 648 810 1015 913; x_wconf 79' lang='lat' dir='ltr'>Quaereaigiturgcsta</span> <span class='ocrx_word' id='word_1_9' title='bbox 1024 834 1094 912; x_wconf 80' lang='lat' dir='ltr'>unq</span> 
     </span>
     <span class='ocr_line' id='line_1_4' title="bbox 165 920 1094 1020; baseline -0.001 -26"><span class='ocrx_word' id='word_1_10' title='bbox 165 942 198 1010; x_wconf 72' lang='lat' dir='ltr'>,a</span> <span class='ocrx_word' id='word_1_11' title='bbox 216 922 250 994; x_wconf 91' lang='lat' dir='ltr'>in</span> <span class='ocrx_word' id='word_1_12' title='bbox 276 923 366 996; x_wconf 85' lang='lat' dir='ltr'>bello</span> <span class='ocrx_word' id='word_1_13' title='bbox 389 923 504 997; x_wconf 71' lang='lat' dir='ltr'>tanta?</span> <span class='ocrx_word' id='word_1_14' title='bbox 527 946 587 1020; x_wconf 85' lang='lat' dir='ltr'>qur</span> <span class='ocrx_word' id='word_1_15' title='bbox 577 921 791 1020; x_wconf 83' lang='lat' dir='ltr'>triumphus</span> <span class='ocrx_word' id='word_1_16' title='bbox 811 920 1059 1005; x_wconf 60' lang='lat' dir='ltr'>conferendo}</span> <span class='ocrx_word' id='word_1_17' title='bbox 1078 923 1094 993; x_wconf 89' lang='lat'>1</span> 
     </span>
     <span class='ocr_line' id='line_1_5' title="bbox 216 1032 1094 1133; baseline -0.002 -25"><span class='ocrx_word' id='word_1_18' title='bbox 216 1034 306 1128; x_wconf 82' lang='lat' dir='ltr'>enim</span> <span class='ocrx_word' id='word_1_19' title='bbox 329 1036 428 1122; x_wconf 87' lang='lat' dir='ltr'>mihi,</span> <span class='ocrx_word' id='word_1_20' title='bbox 449 1040 562 1108; x_wconf 83' lang='lat' dir='ltr'>Marce</span> <span class='ocrx_word' id='word_1_21' title='bbox 584 1032 630 1108; x_wconf 86' lang='lat' dir='ltr'>fili</span> <span class='ocrx_word' id='word_1_22' title='bbox 643 1034 762 1132; x_wconf 88' lang='lat' dir='ltr'>,apud</span> <span class='ocrx_word' id='word_1_23' title='bbox 783 1053 816 1108; x_wconf 91' lang='lat' dir='ltr'>te</span> <span class='ocrx_word' id='word_1_24' title='bbox 837 1032 990 1133; x_wconf 82' lang='lat' dir='ltr'>gloriari,</span> <span class='ocrx_word' id='word_1_25' title='bbox 1006 1032 1094 1133; x_wconf 85' lang='lat' dir='ltr'>adq</span> 
     </span>
     <span class='ocr_line' id='line_1_6' title="bbox 194 1136 1083 1239; baseline 0.002 -27.046"><span class='ocrx_word' id='word_1_26' title='bbox 194 1156 250 1212; x_wconf 84' lang='lat' dir='ltr'>et</span> <span class='ocrx_word' id='word_1_27' title='bbox 266 1142 430 1215; x_wconf 82' lang='lat' dir='ltr'>hereditas</span> <span class='ocrx_word' id='word_1_28' title='bbox 443 1142 540 1215; x_wconf 80' lang='lat' dir='ltr'>huius</span> <span class='ocrx_word' id='word_1_29' title='bbox 554 1136 701 1239; x_wconf 83' lang='lat' dir='ltr'>gloriae,</span> <span class='ocrx_word' id='word_1_30' title='bbox 715 1160 747 1214; x_wconf 92' lang='lat' dir='ltr'>et</span> <span class='ocrx_word' id='word_1_31' title='bbox 761 1141 948 1216; x_wconf 68' lang='lat' dir='ltr'>aeonum</span> <span class='ocrx_word' id='word_1_32' title='bbox 939 1140 1083 1215; x_wconf 78' lang='lat' dir='ltr'>imitatio</span> 
     </span>
     <span class='ocr_line' id='line_1_7' title="bbox 214 1250 1091 1349; baseline 0.001 -25"><span class='ocrx_word' id='word_1_33' title='bbox 214 1251 308 1324; x_wconf 91' lang='lat' dir='ltr'>tinet.</span> <span class='ocrx_word' id='word_1_34' title='bbox 331 1251 417 1324; x_wconf 86' lang='lat' dir='ltr'>Mihi</span> <span class='ocrx_word' id='word_1_35' title='bbox 435 1251 571 1349; x_wconf 86' lang='lat' dir='ltr'>quidem</span> <span class='ocrx_word' id='word_1_36' title='bbox 586 1272 676 1326; x_wconf 79' lang='lat' dir='ltr'>cene</span> <span class='ocrx_word' id='word_1_37' title='bbox 694 1250 749 1325; x_wconf 87' lang='lat' dir='ltr'>vit</span> <span class='ocrx_word' id='word_1_38' title='bbox 766 1252 933 1325; x_wconf 84' lang='lat' dir='ltr'>abundans</span> <span class='ocrx_word' id='word_1_39' title='bbox 952 1250 1091 1325; x_wconf 78' lang='lat' dir='ltr'>bellicis</span> 
     </span>
     <span class='ocr_line' id='line_1_8' title="bbox 213 1352 1094 1464; baseline 0.003 -32"><span class='ocrx_word' id='word_1_40' title='bbox 213 1359 332 1450; x_wconf 86' lang='lat' dir='ltr'>dibus,</span> <span class='ocrx_word' id='word_1_41' title='bbox 349 1361 412 1432; x_wconf 88' lang='lat' dir='ltr'>Cn.</span> <span class='ocrx_word' id='word_1_42' title='bbox 432 1357 634 1464; x_wconf 79' lang='lat' dir='ltr'>Pompeius,</span> <span class='ocrx_word' id='word_1_43' title='bbox 652 1359 764 1433; x_wconf 84' lang='lat' dir='ltr'>multis</span> <span class='ocrx_word' id='word_1_44' title='bbox 781 1352 1006 1447; x_wconf 81' lang='lat' dir='ltr'>audientibus,</span> <span class='ocrx_word' id='word_1_45' title='bbox 1025 1361 1094 1435; x_wconf 86' lang='lat' dir='ltr'>hoc</span> 
     </span>
     <span class='ocr_line' id='line_1_9' title="bbox 212 1468 1089 1566; baseline 0 -24"><span class='ocrx_word' id='word_1_46' title='bbox 212 1469 307 1557; x_wconf 85' lang='lat' dir='ltr'>buit,</span> <span class='ocrx_word' id='word_1_47' title='bbox 323 1489 361 1543; x_wconf 87' lang='lat' dir='ltr'>ut</span> <span class='ocrx_word' id='word_1_48' title='bbox 377 1469 518 1555; x_wconf 85' lang='lat' dir='ltr'>diceret,</span> <span class='ocrx_word' id='word_1_49' title='bbox 537 1468 656 1542; x_wconf 84' lang='lat' dir='ltr'>frustra</span> <span class='ocrx_word' id='word_1_50' title='bbox 674 1468 708 1542; x_wconf 90' lang='lat' dir='ltr'>se</span> <span class='ocrx_word' id='word_1_51' title='bbox 728 1469 937 1566; x_wconf 88' lang='lat' dir='ltr'>triumphum</span> <span class='ocrx_word' id='word_1_52' title='bbox 952 1470 1089 1545; x_wconf 89' lang='lat' dir='ltr'>tertium</span> 
     </span>
     <span class='ocr_line' id='line_1_10' title="bbox 210 1575 1083 1677; baseline 0.001 -25"><span class='ocrx_word' id='word_1_53' title='bbox 210 1598 424 1677; x_wconf 86' lang='lat' dir='ltr'>portaturum</span> <span class='ocrx_word' id='word_1_54' title='bbox 437 1575 567 1671; x_wconf 68' lang='lat' dir='ltr'>fuisse,</span> <span class='ocrx_word' id='word_1_55' title='bbox 590 1575 651 1649; x_wconf 79' lang='lat' dir='ltr'>nin</span> <span class='ocrx_word' id='word_1_56' title='bbox 677 1599 757 1650; x_wconf 90' lang='lat' dir='ltr'>meo</span> <span class='ocrx_word' id='word_1_57' title='bbox 779 1577 815 1651; x_wconf 82' lang='lat' dir='ltr'>in</span> <span class='ocrx_word' id='word_1_58' title='bbox 839 1578 1083 1675; x_wconf 82' lang='lat' dir='ltr'>rempublicam</span> 
     </span>
     <span class='ocr_line' id='line_1_11' title="bbox 213 1686 1094 1786; baseline -0.001 -23"><span class='ocrx_word' id='word_1_59' title='bbox 213 1689 358 1779; x_wconf 73' lang='lat' dir='ltr'>nescio,</span> <span class='ocrx_word' id='word_1_60' title='bbox 372 1688 430 1761; x_wconf 92' lang='lat' dir='ltr'>ubi</span> <span class='ocrx_word' id='word_1_61' title='bbox 452 1688 692 1786; x_wconf 81' lang='lat' dir='ltr'>triumpharet,</span> <span class='ocrx_word' id='word_1_62' title='bbox 716 1686 991 1762; x_wconf 78' lang='lat' dir='ltr'>effet&#39;habiturus.</span> <span class='ocrx_word' id='word_1_63' title='bbox 1013 1691 1094 1762; x_wconf 85' lang='lat' dir='ltr'>Sunt</span> 
     </span>
     <span class='ocr_line' id='line_1_12' title="bbox 211 1797 1094 1902; baseline -0.001 -28"><span class='ocrx_word' id='word_1_64' title='bbox 211 1825 258 1902; x_wconf 81' lang='lat' dir='ltr'>go</span> <span class='ocrx_word' id='word_1_65' title='bbox 277 1797 477 1873; x_wconf 78' lang='lat' dir='ltr'>domesticae</span> <span class='ocrx_word' id='word_1_66' title='bbox 496 1797 710 1874; x_wconf 85' lang='lat' dir='ltr'>fortitudines</span> <span class='ocrx_word' id='word_1_67' title='bbox 730 1823 800 1873; x_wconf 89' lang='lat' dir='ltr'>uon</span> <span class='ocrx_word' id='word_1_68' title='bbox 821 1797 996 1872; x_wconf 85' lang='lat' dir='ltr'>inferiores</span> <span class='ocrx_word' id='word_1_69' title='bbox 1018 1798 1094 1873; x_wconf 87' lang='lat' dir='ltr'>mili</span> 
     </span>
     <span class='ocr_line' id='line_1_13' title="bbox 212 1909 1094 2011; baseline -0.001 -28"><span class='ocrx_word' id='word_1_70' title='bbox 212 1911 354 1998; x_wconf 82' lang='lat' dir='ltr'>bus;1n</span> <span class='ocrx_word' id='word_1_71' title='bbox 376 1909 498 2009; x_wconf 83' lang='lat' dir='ltr'>quibus</span> <span class='ocrx_word' id='word_1_72' title='bbox 519 1909 595 2008; x_wconf 84' lang='lat' dir='ltr'>plus</span> <span class='ocrx_word' id='word_1_73' title='bbox 619 1909 743 2000; x_wconf 85' lang='lat' dir='ltr'>etiam,</span> <span class='ocrx_word' id='word_1_74' title='bbox 766 1935 867 2011; x_wconf 84' lang='lat' dir='ltr'>quarn</span> <span class='ocrx_word' id='word_1_75' title='bbox 889 1909 924 1982; x_wconf 93' lang='lat' dir='ltr'>in</span> <span class='ocrx_word' id='word_1_76' title='bbox 947 1909 1023 2000; x_wconf 87' lang='lat' dir='ltr'>his,</span> <span class='ocrx_word' id='word_1_77' title='bbox 1047 1935 1094 2008; x_wconf 91' lang='lat' dir='ltr'>op</span> 
     </span>
     <span class='ocr_line' id='line_1_14' title="bbox 81 2018 1094 2119; baseline 0.004 -30"><span class='ocrx_word' id='word_1_78' title='bbox 81 2040 94 2089; x_wconf 77' lang='lat' dir='ltr'>,s</span> <span class='ocrx_word' id='word_1_79' title='bbox 146 2036 187 2107; x_wconf 83' lang='lat'>23</span> <span class='ocrx_word' id='word_1_80' title='bbox 212 2020 375 2119; x_wconf 84' lang='lat' dir='ltr'>studiique</span> <span class='ocrx_word' id='word_1_81' title='bbox 391 2018 585 2119; x_wconf 86' lang='lat' dir='ltr'>ponendum</span> <span class='ocrx_word' id='word_1_82' title='bbox 606 2019 664 2093; x_wconf 87' lang='lat' dir='ltr'>est.</span> <span class='ocrx_word' id='word_1_83' title='bbox 696 2021 850 2093; x_wconf 88' lang='lat' dir='ltr'>Omnino</span> <span class='ocrx_word' id='word_1_84' title='bbox 871 2020 953 2092; x_wconf 87' lang='lat' dir='ltr'>illud</span> <span class='ocrx_word' id='word_1_85' title='bbox 971 2020 1094 2094; x_wconf 77' lang='grc' dir='ltr'>Ιιοιιε11</span> 
     </span>
     <span class='ocr_line' id='line_1_15' title="bbox 158 2125 1094 2227; baseline 0.001 -26"><span class='ocrx_word' id='word_1_86' title='bbox 158 2147 191 2201; x_wconf 85' lang='lat'>79</span> <span class='ocrx_word' id='word_1_87' title='bbox 212 2129 306 2226; x_wconf 88' lang='lat' dir='ltr'>quod</span> <span class='ocrx_word' id='word_1_88' title='bbox 324 2153 366 2201; x_wconf 84' lang='lat' dir='ltr'>ex</span> <span class='ocrx_word' id='word_1_89' title='bbox 389 2127 504 2200; x_wconf 90' lang='lat' dir='ltr'>animo</span> <span class='ocrx_word' id='word_1_90' title='bbox 524 2126 657 2201; x_wconf 84' lang='lat' dir='ltr'>excelso</span> <span class='ocrx_word' id='word_1_91' title='bbox 685 2125 931 2227; x_wconf 84' lang='lat' dir='ltr'>magnificoque</span> <span class='ocrx_word' id='word_1_92' title='bbox 955 2127 1094 2226; x_wconf 89' lang='lat' dir='ltr'>quaeriu</span> 
     </span>
     <span class='ocr_line' id='line_1_16' title="bbox 210 2237 1094 2337; baseline 0 -24"><span class='ocrx_word' id='word_1_93' title='bbox 210 2238 313 2313; x_wconf 89' lang='lat' dir='ltr'>animi</span> <span class='ocrx_word' id='word_1_94' title='bbox 335 2237 493 2330; x_wconf 85' lang='lat' dir='ltr'>eflicitur,</span> <span class='ocrx_word' id='word_1_95' title='bbox 513 2262 585 2312; x_wconf 93' lang='lat' dir='ltr'>non</span> <span class='ocrx_word' id='word_1_96' title='bbox 606 2241 764 2337; x_wconf 84' lang='lat' dir='ltr'>corporis</span> <span class='ocrx_word' id='word_1_97' title='bbox 781 2240 918 2314; x_wconf 85' lang='lat' dir='ltr'>viribus.</span> <span class='ocrx_word' id='word_1_98' title='bbox 937 2242 1094 2315; x_wconf 71' lang='lat' dir='ltr'>Exercent</span> 
     </span>
     <span class='ocr_line' id='line_1_17' title="bbox 209 2347 1094 2447; baseline 0.002 -26"><span class='ocrx_word' id='word_1_99' title='bbox 209 2368 321 2447; x_wconf 87' lang='lat' dir='ltr'>tamen</span> <span class='ocrx_word' id='word_1_100' title='bbox 342 2360 488 2445; x_wconf 83' lang='lat' dir='ltr'>corpus,</span> <span class='ocrx_word' id='word_1_101' title='bbox 514 2348 616 2424; x_wconf 89' lang='lat' dir='ltr'>etita</span> <span class='ocrx_word' id='word_1_102' title='bbox 640 2347 851 2423; x_wconf 85' lang='lat' dir='ltr'>afficiendum</span> <span class='ocrx_word' id='word_1_103' title='bbox 877 2347 949 2434; x_wconf 78' lang='lat' dir='ltr'>esi,</span> <span class='ocrx_word' id='word_1_104' title='bbox 972 2366 1009 2422; x_wconf 93' lang='lat' dir='ltr'>ut</span> <span class='ocrx_word' id='word_1_105' title='bbox 1030 2349 1094 2423; x_wconf 89' lang='lat' dir='ltr'>obe</span> 
     </span>
     <span class='ocr_line' id='line_1_18' title="bbox 200 2453 1094 2555; baseline -0.003 -22"><span class='ocrx_word' id='word_1_106' title='bbox 200 2457 351 2540; x_wconf 81' lang='lat' dir='ltr'>¹consilio</span> <span class='ocrx_word' id='word_1_107' title='bbox 375 2456 564 2555; x_wconf 86' lang='lat' dir='ltr'>rationique</span> <span class='ocrx_word' id='word_1_108' title='bbox 585 2454 685 2553; x_wconf 86' lang='lat' dir='ltr'>poflit</span> <span class='ocrx_word' id='word_1_109' title='bbox 706 2454 742 2528; x_wconf 92' lang='lat' dir='ltr'>in</span> <span class='ocrx_word' id='word_1_110' title='bbox 768 2453 985 2554; x_wconf 85' lang='lat' dir='ltr'>exsequendis</span> <span class='ocrx_word' id='word_1_111' title='bbox 997 2472 1094 2555; x_wconf 71' lang='lat' dir='ltr'>&#39;nego</span> 
     </span>
     <span class='ocr_line' id='line_1_19' title="bbox 208 2560 1094 2664; baseline -0.005 -23"><span class='ocrx_word' id='word_1_112' title='bbox 208 2585 242 2641; x_wconf 86' lang='lat' dir='ltr'>et</span> <span class='ocrx_word' id='word_1_113' title='bbox 265 2566 299 2638; x_wconf 94' lang='lat' dir='ltr'>in</span> <span class='ocrx_word' id='word_1_114' title='bbox 320 2564 434 2636; x_wconf 87' lang='lat' dir='ltr'>labore</span> <span class='ocrx_word' id='word_1_115' title='bbox 455 2564 642 2638; x_wconf 88' lang='lat' dir='ltr'>tolerando.</span> <span class='ocrx_word' id='word_1_116' title='bbox 664 2560 851 2635; x_wconf 89' lang='lat' dir='ltr'>Honestum</span> <span class='ocrx_word' id='word_1_117' title='bbox 871 2585 980 2637; x_wconf 88' lang='lat' dir='ltr'>autem</span> <span class='ocrx_word' id='word_1_118' title='bbox 1002 2564 1037 2637; x_wconf 93' lang='lat' dir='ltr'>id</span> <span class='ocrx_word' id='word_1_119' title='bbox 1047 2590 1094 2664; x_wconf 89' lang='lat' dir='ltr'>,q</span> 
     </span>
     <span class='ocr_line' id='line_1_20' title="bbox 208 2667 1094 2792; baseline -0.002 -46"><span class='ocrx_word' id='word_1_120' title='bbox 208 2674 438 2792; x_wconf 82' lang='lat' dir='ltr'>exquirimus,</span> <span class='ocrx_word' id='word_1_121' title='bbox 461 2690 570 2745; x_wconf 87' lang='lat' dir='ltr'>totum</span> <span class='ocrx_word' id='word_1_122' title='bbox 597 2669 644 2742; x_wconf 85' lang='lat' dir='ltr'>est</span> <span class='ocrx_word' id='word_1_123' title='bbox 668 2667 845 2766; x_wconf 75' lang='lat' dir='ltr'>positum</span> <span class='ocrx_word' id='word_1_124' title='bbox 835 2693 871 2739; x_wconf 89' lang='grc' dir='ltr'>ιιι</span> <span class='ocrx_word' id='word_1_125' title='bbox 898 2669 1001 2742; x_wconf 88' lang='lat' dir='ltr'>animi</span> <span class='ocrx_word' id='word_1_126' title='bbox 1028 2695 1094 2745; x_wconf 82' lang='lat' dir='ltr'>cun</span> 
     </span>
     <span class='ocr_line' id='line_1_21' title="bbox 206 2775 1094 2873; baseline -0.001 -20"><span class='ocrx_word' id='word_1_127' title='bbox 206 2778 432 2873; x_wconf 75' lang='lat' dir='ltr'>cogitatione.</span> <span class='ocrx_word' id='word_1_128' title='bbox 454 2775 488 2846; x_wconf 95' lang='lat' dir='ltr'>in</span> <span class='ocrx_word' id='word_1_129' title='bbox 506 2800 577 2872; x_wconf 87' lang='lat' dir='ltr'>quo</span> <span class='ocrx_word' id='word_1_130' title='bbox 601 2799 670 2847; x_wconf 91' lang='lat' dir='ltr'>non</span> <span class='ocrx_word' id='word_1_131' title='bbox 694 2775 860 2848; x_wconf 87' lang='lat' dir='ltr'>minorem</span> <span class='ocrx_word' id='word_1_132' title='bbox 885 2776 1062 2853; x_wconf 80' lang='lat' dir='ltr'>utilitatem</span> <span class='ocrx_word' id='word_1_133' title='bbox 1082 2804 1094 2852; x_wconf 83' lang='grc' dir='ltr'><strong>ε</strong></span> 
     </span>
     <span class='ocr_line' id='line_1_22' title="bbox 207 2874 1080 2982; baseline 0.005 -27"><span class='ocrx_word' id='word_1_134' title='bbox 207 2901 311 2968; x_wconf 89' lang='lat' dir='ltr'>runt,</span> <span class='ocrx_word' id='word_1_135' title='bbox 334 2883 393 2978; x_wconf 88' lang='lat' dir='ltr'>qui</span> <span class='ocrx_word' id='word_1_136' title='bbox 415 2883 520 2980; x_wconf 85' lang='lat' dir='ltr'>togati</span> <span class='ocrx_word' id='word_1_137' title='bbox 545 2874 747 2973; x_wconf 87' lang='lat' dir='ltr'>reipublicae</span> <span class='ocrx_word' id='word_1_138' title='bbox 771 2880 952 2975; x_wconf 89' lang='lat' dir='ltr'>praesunt,</span> <span class='ocrx_word' id='word_1_139' title='bbox 978 2908 1080 2982; x_wconf 83' lang='lat' dir='ltr'>quam</span> 
     </span>
     <span class='ocr_line' id='line_1_23' title="bbox 205 2986 1084 3092; baseline 0.011 -31"><span class='ocrx_word' id='word_1_140' title='bbox 205 2987 332 3062; x_wconf 83' lang='lat' dir='ltr'>bellurn</span> <span class='ocrx_word' id='word_1_141' title='bbox 353 3004 482 3084; x_wconf 84' lang='lat' dir='ltr'>gerunt.</span> <span class='ocrx_word' id='word_1_142' title='bbox 497 2986 612 3084; x_wconf 87' lang='lat' dir='ltr'>Iraque</span> <span class='ocrx_word' id='word_1_143' title='bbox 624 3010 744 3060; x_wconf 89' lang='lat' dir='ltr'>eorum</span> <span class='ocrx_word' id='word_1_144' title='bbox 765 2990 905 3066; x_wconf 81' lang='lat' dir='ltr'>consilio</span> <span class='ocrx_word' id='word_1_145' title='bbox 919 2992 1014 3092; x_wconf 86' lang='lat' dir='ltr'>saepe</span> <span class='ocrx_word' id='word_1_146' title='bbox 1027 3017 1084 3072; x_wconf 88' lang='lat' dir='ltr'>aut</span> 
     </span>
     <span class='ocr_line' id='line_1_24' title="bbox 204 3097 1094 3236; baseline 0.009 -64"><span class='ocrx_word' id='word_1_147' title='bbox 204 3098 372 3195; x_wconf 87' lang='lat' dir='ltr'>suscepta,</span> <span class='ocrx_word' id='word_1_148' title='bbox 386 3115 442 3169; x_wconf 90' lang='lat' dir='ltr'>aut</span> <span class='ocrx_word' id='word_1_149' title='bbox 453 3097 603 3171; x_wconf 65' lang='lat' dir='ltr'>confecta</span> <span class='ocrx_word' id='word_1_150' title='bbox 616 3098 700 3171; x_wconf 86' lang='lat' dir='ltr'>bella</span> <span class='ocrx_word' id='word_1_151' title='bbox 712 3097 785 3171; x_wconf 90' lang='lat' dir='ltr'>sunt</span> <span class='ocrx_word' id='word_1_152' title='bbox 786 3123 1053 3236; x_wconf 86' lang='lat' dir='ltr'>‚nonnunquam</span> <span class='ocrx_word' id='word_1_153' title='bbox 1066 3126 1094 3184; x_wconf 81' lang='lat' dir='ltr'>et</span> 
     </span>
     <span class='ocr_line' id='line_1_25' title="bbox 205 3197 1094 3289; baseline 0.011 -10"><span class='ocrx_word' id='word_1_154' title='bbox 205 3208 313 3280; x_wconf 88' lang='lat' dir='ltr'>illata.</span> <span class='ocrx_word' id='word_1_155' title='bbox 336 3200 373 3278; x_wconf 76' lang='lat' dir='ltr'>ui</span> <span class='ocrx_word' id='word_1_156' title='bbox 397 3209 443 3277; x_wconf 91' lang='grc' dir='ltr'>Μ.</span> <span class='ocrx_word' id='word_1_157' title='bbox 469 3204 611 3278; x_wconf 86' lang='lat' dir='ltr'>Catonis</span> <span class='ocrx_word' id='word_1_158' title='bbox 632 3205 754 3279; x_wconf 86' lang='lat' dir='ltr'>bellum</span> <span class='ocrx_word' id='word_1_159' title='bbox 776 3208 913 3282; x_wconf 88' lang='lat' dir='ltr'>tertium</span> <span class='ocrx_word' id='word_1_160' title='bbox 913 3197 1094 3289; x_wconf 83' lang='lat' dir='ltr'>Punicum</span> 
     </span>
     <span class='ocr_line' id='line_1_26' title="bbox 155 3313 1094 3420; baseline 0.005 -30.234"><span class='ocrx_word' id='word_1_161' title='bbox 155 3333 277 3417; x_wconf 71' lang='lat' dir='ltr'>toquo</span> <span class='ocrx_word' id='word_1_162' title='bbox 299 3317 398 3391; x_wconf 88' lang='lat' dir='ltr'>etiam</span> <span class='ocrx_word' id='word_1_163' title='bbox 417 3334 543 3387; x_wconf 75' lang='lat' dir='ltr'>mortui</span> <span class='ocrx_word' id='word_1_164' title='bbox 534 3313 661 3387; x_wconf 82' lang='lat' dir='ltr'>valuit</span> <span class='ocrx_word' id='word_1_165' title='bbox 674 3315 861 3390; x_wconf 68' lang='lat' dir='ltr'>aussoritas.</span> <span class='ocrx_word' id='word_1_166' title='bbox 883 3319 997 3412; x_wconf 84' lang='lat' dir='ltr'>Quare</span> <span class='ocrx_word' id='word_1_167' title='bbox 1012 3344 1094 3420; x_wconf 79' lang='lat' dir='ltr'>expe</span> 
     </span>
     <span class='ocr_line' id='line_1_27' title="bbox 191 3420 1077 3526; baseline 0.007 -29"><span class='ocrx_word' id='word_1_168' title='bbox 191 3427 248 3508; x_wconf 65' lang='lat' dir='ltr'>‚da</span> <span class='ocrx_word' id='word_1_169' title='bbox 264 3425 399 3521; x_wconf 85' lang='lat' dir='ltr'>quidem</span> <span class='ocrx_word' id='word_1_170' title='bbox 423 3423 527 3520; x_wconf 83' lang='lat' dir='ltr'>magis</span> <span class='ocrx_word' id='word_1_171' title='bbox 548 3420 597 3494; x_wconf 86' lang='lat' dir='ltr'>est</span> <span class='ocrx_word' id='word_1_172' title='bbox 619 3421 821 3498; x_wconf 88' lang='lat' dir='ltr'>decernendi</span> <span class='ocrx_word' id='word_1_173' title='bbox 843 3429 929 3499; x_wconf 92' lang='lat' dir='ltr'>ratio</span> <span class='ocrx_word' id='word_1_174' title='bbox 940 3452 1077 3526; x_wconf 86' lang='lat' dir='ltr'>,quam</span> 
     </span>
     <span class='ocr_line' id='line_1_28' title="bbox 205 3522 1094 3622; baseline 0.009 -14.68"><span class='ocrx_word' id='word_1_175' title='bbox 168 3533 352 3607; x_wconf 58' lang='lat' dir='ltr'>*certandi</span> <span class='ocrx_word' id='word_1_176' title='bbox 371 3522 561 3605; x_wconf 68' lang='lat' dir='ltr'>sirtimdo:</span> <span class='ocrx_word' id='word_1_177' title='bbox 552 3529 641 3604; x_wconf 89' lang='lat' dir='ltr'>·sed</span> <span class='ocrx_word' id='word_1_178' title='bbox 659 3535 870 3622; x_wconf 86' lang='lat' dir='ltr'>cavendum,</span> <span class='ocrx_word' id='word_1_179' title='bbox 893 3562 936 3610; x_wconf 87' lang='lat' dir='ltr'>ne</span> <span class='ocrx_word' id='word_1_180' title='bbox 961 3539 996 3610; x_wconf 91' lang='lat' dir='ltr'>id</span> <span class='ocrx_word' id='word_1_181' title='bbox 1017 3540 1094 3615; x_wconf 82' lang='lat' dir='ltr'>bella</span> 
     </span>
     <span class='ocr_line' id='line_1_29' title="bbox 204 3636 1045 3736; baseline 0.013 -23"><span class='ocrx_word' id='word_1_182' title='bbox 204 3639 310 3736; x_wconf 81' lang='lat' dir='ltr'>magis</span> <span class='ocrx_word' id='word_1_183' title='bbox 331 3636 429 3736; x_wconf 84' lang='lat' dir='ltr'>fuga,</span> <span class='ocrx_word' id='word_1_184' title='bbox 447 3664 546 3734; x_wconf 85' lang='lat' dir='ltr'>quarn</span> <span class='ocrx_word' id='word_1_185' title='bbox 566 3641 713 3714; x_wconf 85' lang='lat' dir='ltr'>utilitatis</span> <span class='ocrx_word' id='word_1_186' title='bbox 732 3644 862 3717; x_wconf 91' lang='lat' dir='ltr'>ratione</span> <span class='ocrx_word' id='word_1_187' title='bbox 877 3647 1045 3724; x_wconf 83' lang='lat' dir='ltr'>faciamus.</span> 
     </span>
     <span class='ocr_line' id='line_1_30' title="bbox 258 3747 1094 3848; baseline 0.019 -30"><span class='ocrx_word' id='word_1_188' title='bbox 258 3747 384 3820; x_wconf 81' lang='lat' dir='ltr'>Bellum</span> <span class='ocrx_word' id='word_1_189' title='bbox 407 3770 517 3820; x_wconf 80' lang='lat' dir='ltr'>autent</span> <span class='ocrx_word' id='word_1_190' title='bbox 539 3747 583 3821; x_wconf 90' lang='lat' dir='ltr'>ita</span> <span class='ocrx_word' id='word_1_191' title='bbox 608 3749 821 3848; x_wconf 86' lang='lat' dir='ltr'>suscipiatur,</span> <span class='ocrx_word' id='word_1_192' title='bbox 843 3777 882 3827; x_wconf 88' lang='lat' dir='ltr'>ut</span> <span class='ocrx_word' id='word_1_193' title='bbox 901 3757 982 3828; x_wconf 86' lang='lat' dir='ltr'>nihil</span> <span class='ocrx_word' id='word_1_194' title='bbox 1004 3761 1094 3836; x_wconf 86' lang='lat' dir='ltr'>aliud</span> 
     </span>
     <span class='ocr_line' id='line_1_31' title="bbox 205 3857 1094 3956; baseline 0.017 -25"><span class='ocrx_word' id='word_1_195' title='bbox 205 3857 231 3931; x_wconf 82' lang='lat' dir='ltr'>fi</span> <span class='ocrx_word' id='word_1_196' title='bbox 250 3883 315 3956; x_wconf 85' lang='lat' dir='ltr'>pax</span> <span class='ocrx_word' id='word_1_197' title='bbox 344 3857 490 3954; x_wconf 74' lang='lat' dir='ltr'>quaesta</span> <span class='ocrx_word' id='word_1_198' title='bbox 509 3859 670 3934; x_wconf 83' lang='lat' dir='ltr'>videatur.</span> <span class='ocrx_word' id='word_1_199' title='bbox 707 3865 813 3940; x_wconf 84' lang='lat' dir='ltr'>Fortis</span> <span class='ocrx_word' id='word_1_200' title='bbox 834 3891 919 3942; x_wconf 89' lang='lat' dir='ltr'>vero</span> <span class='ocrx_word' id='word_1_201' title='bbox 948 3888 982 3944; x_wconf 84' lang='lat' dir='ltr'>et</span> <span class='ocrx_word' id='word_1_202' title='bbox 1002 3874 1094 3946; x_wconf 78' lang='lat' dir='ltr'>consi</span> 
     </span>
     <span class='ocr_line' id='line_1_32' title="bbox 107 3965 1081 4069; baseline 0.013 -29"><span class='ocrx_word' id='word_1_203' title='bbox 107 3992 109 4003; x_wconf 92' lang='lat'>·</span> <span class='ocrx_word' id='word_1_204' title='bbox 204 3967 247 4040; x_wconf 80' lang='lat' dir='ltr'>tis</span> <span class='ocrx_word' id='word_1_205' title='bbox 269 3965 340 4055; x_wconf 84' lang='lat' dir='ltr'>est,</span> <span class='ocrx_word' id='word_1_206' title='bbox 363 3988 434 4036; x_wconf 90' lang='lat' dir='ltr'>non</span> <span class='ocrx_word' id='word_1_207' title='bbox 456 3968 643 4062; x_wconf 87' lang='lat' dir='ltr'>perturbari</span> <span class='ocrx_word' id='word_1_208' title='bbox 665 3970 700 4040; x_wconf 93' lang='lat' dir='ltr'>in</span> <span class='ocrx_word' id='word_1_209' title='bbox 724 3970 822 4044; x_wconf 86' lang='lat' dir='ltr'>rebus</span> <span class='ocrx_word' id='word_1_210' title='bbox 847 3972 991 4069; x_wconf 87' lang='lat' dir='ltr'>asperis,</span> <span class='ocrx_word' id='word_1_211' title='bbox 1015 4004 1081 4054; x_wconf 89' lang='lat' dir='ltr'>nec</span> 
     </span>
     <span class='ocr_line' id='line_1_33' title="bbox 115 4067 1094 4189; baseline 0.012 -38"><span class='ocrx_word' id='word_1_212' title='bbox 115 4067 119 4079; x_wconf 77' lang='grc'>’</span> <span class='ocrx_word' id='word_1_213' title='bbox 205 4075 426 4175; x_wconf 74' lang='lat' dir='ltr'>nultumtem</span> <span class='ocrx_word' id='word_1_214' title='bbox 442 4075 485 4150; x_wconf 85' lang='lat' dir='ltr'>de</span> <span class='ocrx_word' id='word_1_215' title='bbox 502 4076 608 4175; x_wconf 79' lang='lat' dir='ltr'>gradu</span> <span class='ocrx_word' id='word_1_216' title='bbox 629 4077 754 4172; x_wconf 91' lang='lat' dir='ltr'>deiici,</span> <span class='ocrx_word' id='word_1_217' title='bbox 772 4103 810 4157; x_wconf 88' lang='lat' dir='ltr'>ut</span> <span class='ocrx_word' id='word_1_218' title='bbox 828 4081 974 4175; x_wconf 70' lang='lat' dir='ltr'>dicium,</span> <span class='ocrx_word' id='word_1_219' title='bbox 992 4087 1094 4189; x_wconf 80' lang='lat' dir='ltr'>sedpr</span> 
     </span>
    </p>
   </div>
   <div class='ocr_carea' id='block_1_4' title="bbox 0 0 1174 4628">
    <p class='ocr_par' dir='ltr' id='par_1_4' title="bbox 0 0 1174 4628">
     <span class='ocr_line' id='line_1_34' title="bbox 0 0 1174 4628; baseline 0 0"><span class='ocrx_word' id='word_1_220' title='bbox 0 0 1174 4628; x_wconf 95' lang='lat' dir='ltr'> </span> 
     </span>
    </p>
   </div>
  </div>
 </body>
</html>
