<?xml version="1.0" encoding="UTF-8"?>
<!DOCTYPE html PUBLIC "-//W3C//DTD XHTML 1.0 Transitional//EN"
    "http://www.w3.org/TR/xhtml1/DTD/xhtml1-transitional.dtd">
<html xmlns="http://www.w3.org/1999/xhtml" xml:lang="en" lang="en">
 <head>
  <title>
</title>
<meta http-equiv="Content-Type" content="text/html;charset=utf-8" />
  <meta name='ocr-system' content='tesseract 3.04.00' />
  <meta name='ocr-capabilities' content='ocr_page ocr_carea ocr_par ocr_line ocrx_word'/>
</head>
<body>
  <div class='ocr_page' id='page_1' title='image "./mtulliiciceroni01plutgoog_0132.png"; bbox 0 0 2340 4628; ppageno 0'>
   <div class='ocr_carea' id='block_1_1' title="bbox 238 628 1024 706">
    <p class='ocr_par' dir='ltr' id='par_1_1' title="bbox 238 628 1024 706">
     <span class='ocr_line' id='line_1_1' title="bbox 238 628 1024 706; baseline 0.011 -10"><span class='ocrx_word' id='word_1_1' title='bbox 238 686 249 696; x_wconf 92' lang='lat'>.</span> <span class='ocrx_word' id='word_1_2' title='bbox 354 628 787 705; x_wconf 70' lang='lat' dir='ltr'>crunam·</span> <span class='ocrx_word' id='word_1_3' title='bbox 959 655 1024 706; x_wconf 74' lang='lat' dir='ltr'>rar</span> 
     </span>
    </p>
   </div>
   <div class='ocr_carea' id='block_1_2' title="bbox 59 785 1074 4205">
    <p class='ocr_par' dir='ltr' id='par_1_2' title="bbox 59 785 1074 4205">
     <span class='ocr_line' id='line_1_2' title="bbox 64 785 1029 889; baseline 0.005 -29"><span class='ocrx_word' id='word_1_4' title='bbox 64 786 217 863; x_wconf 84' lang='lat' dir='ltr'>omnibus</span> <span class='ocrx_word' id='word_1_5' title='bbox 239 786 417 889; x_wconf 79' lang='lat' dir='ltr'>gentibus,</span> <span class='ocrx_word' id='word_1_6' title='bbox 436 788 460 861; x_wconf 84' lang='lat' dir='ltr'>fi</span> <span class='ocrx_word' id='word_1_7' title='bbox 478 788 552 863; x_wconf 88' lang='lat' dir='ltr'>fieri</span> <span class='ocrx_word' id='word_1_8' title='bbox 570 789 689 887; x_wconf 88' lang='lat' dir='ltr'>poffit,</span> <span class='ocrx_word' id='word_1_9' title='bbox 702 785 954 880; x_wconf 80' lang='lat' dir='ltr'>conservandis,</span> <span class='ocrx_word' id='word_1_10' title='bbox 970 806 1029 865; x_wconf 90' lang='lat' dir='ltr'>aut</span> 
     </span>
     <span class='ocr_line' id='line_1_3' title="bbox 65 897 1027 1000; baseline 0.005 -29"><span class='ocrx_word' id='word_1_11' title='bbox 65 897 214 975; x_wconf 80' lang='lat' dir='ltr'>iuvandis</span> <span class='ocrx_word' id='word_1_12' title='bbox 242 900 415 977; x_wconf 82' lang='lat' dir='ltr'>maximos</span> <span class='ocrx_word' id='word_1_13' title='bbox 432 902 563 977; x_wconf 85' lang='lat' dir='ltr'>labotes</span> <span class='ocrx_word' id='word_1_14' title='bbox 585 903 813 1000; x_wconf 81' lang='lat' dir='ltr'>molestiasque</span> <span class='ocrx_word' id='word_1_15' title='bbox 840 902 1027 999; x_wconf 86' lang='lat' dir='ltr'>suscipere,</span> 
     </span>
     <span class='ocr_line' id='line_1_4' title="bbox 64 1010 1026 1110; baseline -0.002 -25"><span class='ocrx_word' id='word_1_16' title='bbox 64 1011 248 1085; x_wconf 73' lang='lat' dir='ltr'>intimarent</span> <span class='ocrx_word' id='word_1_17' title='bbox 271 1013 455 1087; x_wconf 84' lang='lat' dir='ltr'>Herculem</span> <span class='ocrx_word' id='word_1_18' title='bbox 476 1012 588 1103; x_wconf 88' lang='lat' dir='ltr'>illum,</span> <span class='ocrx_word' id='word_1_19' title='bbox 600 1037 700 1110; x_wconf 90' lang='lat' dir='ltr'>quem</span> <span class='ocrx_word' id='word_1_20' title='bbox 718 1012 894 1087; x_wconf 89' lang='lat' dir='ltr'>hominum</span> <span class='ocrx_word' id='word_1_21' title='bbox 913 1010 1026 1104; x_wconf 84' lang='lat' dir='ltr'>santa,</span> 
     </span>
     <span class='ocr_line' id='line_1_5' title="bbox 64 1120 1027 1209; baseline -0.002 -14"><span class='ocrx_word' id='word_1_22' title='bbox 64 1121 307 1196; x_wconf 83' lang='lat' dir='ltr'>beneficiorum</span> <span class='ocrx_word' id='word_1_23' title='bbox 329 1147 480 1209; x_wconf 84' lang='lat' dir='ltr'>memor,</span> <span class='ocrx_word' id='word_1_24' title='bbox 497 1124 532 1195; x_wconf 93' lang='lat' dir='ltr'>in</span> <span class='ocrx_word' id='word_1_25' title='bbox 552 1124 698 1198; x_wconf 87' lang='lat' dir='ltr'>concilio</span> <span class='ocrx_word' id='word_1_26' title='bbox 712 1120 903 1199; x_wconf 84' lang='lat' dir='ltr'>coelestium</span> <span class='ocrx_word' id='word_1_27' title='bbox 917 1120 1027 1195; x_wconf 87' lang='lat' dir='ltr'>collo·</span> 
     </span>
     <span class='ocr_line' id='line_1_6' title="bbox 65 1229 1026 1331; baseline 0 -26"><span class='ocrx_word' id='word_1_28' title='bbox 65 1232 151 1305; x_wconf 83' lang='lat' dir='ltr'>cavit</span> <span class='ocrx_word' id='word_1_29' title='bbox 163 1258 175 1319; x_wconf 77' lang='lat'>3</span> <span class='ocrx_word' id='word_1_30' title='bbox 189 1258 295 1331; x_wconf 89' lang='lat' dir='ltr'>quam</span> <span class='ocrx_word' id='word_1_31' title='bbox 316 1231 433 1305; x_wconf 89' lang='lat' dir='ltr'>vivere</span> <span class='ocrx_word' id='word_1_32' title='bbox 451 1233 489 1307; x_wconf 92' lang='lat' dir='ltr'>in</span> <span class='ocrx_word' id='word_1_33' title='bbox 517 1231 713 1322; x_wconf 81' lang='lat' dir='ltr'>solitudine,</span> <span class='ocrx_word' id='word_1_34' title='bbox 740 1255 811 1304; x_wconf 92' lang='lat' dir='ltr'>non</span> <span class='ocrx_word' id='word_1_35' title='bbox 831 1230 937 1303; x_wconf 91' lang='lat' dir='ltr'>modo</span> <span class='ocrx_word' id='word_1_36' title='bbox 958 1229 1026 1305; x_wconf 87' lang='lat' dir='ltr'>fine</span> 
     </span>
     <span class='ocr_line' id='line_1_7' title="bbox 64 1335 1026 1434; baseline -0.006 -19"><span class='ocrx_word' id='word_1_37' title='bbox 64 1340 138 1415; x_wconf 76' lang='lat' dir='ltr'>dlis</span> <span class='ocrx_word' id='word_1_38' title='bbox 159 1339 340 1430; x_wconf 84' lang='lat' dir='ltr'>molestiis,</span> <span class='ocrx_word' id='word_1_39' title='bbox 356 1340 410 1415; x_wconf 87' lang='lat' dir='ltr'>sed</span> <span class='ocrx_word' id='word_1_40' title='bbox 429 1343 529 1414; x_wconf 86' lang='lat' dir='ltr'>etiam</span> <span class='ocrx_word' id='word_1_41' title='bbox 549 1342 585 1413; x_wconf 91' lang='lat' dir='ltr'>in</span> <span class='ocrx_word' id='word_1_42' title='bbox 606 1337 758 1412; x_wconf 82' lang='lat' dir='ltr'>maximis</span> <span class='ocrx_word' id='word_1_43' title='bbox 776 1335 1026 1434; x_wconf 85' lang='lat' dir='ltr'>voluptatibus,</span> 
     </span>
     <span class='ocr_line' id='line_1_8' title="bbox 65 1444 1026 1551; baseline -0.005 -28"><span class='ocrx_word' id='word_1_44' title='bbox 65 1450 286 1525; x_wconf 77' lang='lat' dir='ltr'>abundantem</span> <span class='ocrx_word' id='word_1_45' title='bbox 308 1454 465 1527; x_wconf 90' lang='lat' dir='ltr'>omnibus</span> <span class='ocrx_word' id='word_1_46' title='bbox 481 1455 609 1551; x_wconf 86' lang='lat' dir='ltr'>copiis;</span> <span class='ocrx_word' id='word_1_47' title='bbox 624 1471 660 1525; x_wconf 93' lang='lat' dir='ltr'>ur</span> <span class='ocrx_word' id='word_1_48' title='bbox 683 1451 819 1526; x_wconf 85' lang='lat' dir='ltr'>excellas</span> <span class='ocrx_word' id='word_1_49' title='bbox 831 1444 929 1527; x_wconf 82' lang='lat' dir='ltr'>e&#39;tiam</span> <span class='ocrx_word' id='word_1_50' title='bbox 946 1448 1026 1544; x_wconf 92' lang='lat' dir='ltr'>pul-</span> 
     </span>
     <span class='ocr_line' id='line_1_9' title="bbox 64 1559 1028 1663; baseline -0.008 -26"><span class='ocrx_word' id='word_1_51' title='bbox 64 1564 273 1653; x_wconf 88' lang='lat' dir='ltr'>chritudine,</span> <span class='ocrx_word' id='word_1_52' title='bbox 288 1582 323 1638; x_wconf 88' lang='lat' dir='ltr'>et</span> <span class='ocrx_word' id='word_1_53' title='bbox 339 1564 477 1639; x_wconf 86' lang='lat' dir='ltr'>viribus.</span> <span class='ocrx_word' id='word_1_54' title='bbox 500 1565 669 1658; x_wconf 86' lang='lat' dir='ltr'>Quocirca</span> <span class='ocrx_word' id='word_1_55' title='bbox 688 1563 821 1663; x_wconf 91' lang='lat' dir='ltr'>optimo</span> <span class='ocrx_word' id='word_1_56' title='bbox 838 1559 978 1657; x_wconf 82' lang='lat' dir='ltr'>quisque</span> <span class='ocrx_word' id='word_1_57' title='bbox 991 1573 1028 1647; x_wconf 77' lang='lat' dir='ltr'>er</span> 
     </span>
     <span class='ocr_line' id='line_1_10' title="bbox 64 1669 1024 1774; baseline -0.003 -32"><span class='ocrx_word' id='word_1_58' title='bbox 64 1670 322 1767; x_wconf 88' lang='lat' dir='ltr'>splendidiffimo</span> <span class='ocrx_word' id='word_1_59' title='bbox 348 1674 485 1772; x_wconf 85' lang='lat' dir='ltr'>ingenio</span> <span class='ocrx_word' id='word_1_60' title='bbox 504 1678 603 1774; x_wconf 84' lang='lat' dir='ltr'>longe</span> <span class='ocrx_word' id='word_1_61' title='bbox 628 1675 717 1747; x_wconf 88' lang='lat' dir='ltr'>illam</span> <span class='ocrx_word' id='word_1_62' title='bbox 739 1672 846 1747; x_wconf 86' lang='lat' dir='ltr'>vitam</span> <span class='ocrx_word' id='word_1_63' title='bbox 870 1669 947 1742; x_wconf 91' lang='lat' dir='ltr'>huic</span> <span class='ocrx_word' id='word_1_64' title='bbox 964 1692 1024 1739; x_wconf 88' lang='lat' dir='ltr'>an-</span> 
     </span>
     <span class='ocr_line' id='line_1_11' title="bbox 63 1780 1023 1881; baseline 0 -28"><span class='ocrx_word' id='word_1_65' title='bbox 63 1784 204 1878; x_wconf 81' lang='lat' dir='ltr'>teponit.</span> <span class='ocrx_word' id='word_1_66' title='bbox 230 1784 282 1854; x_wconf 82' lang='lat' dir='ltr'>Ex</span> <span class='ocrx_word' id='word_1_67' title='bbox 307 1808 379 1881; x_wconf 90' lang='lat' dir='ltr'>quo</span> <span class='ocrx_word' id='word_1_68' title='bbox 402 1784 564 1873; x_wconf 88' lang='lat' dir='ltr'>efficitur,</span> <span class='ocrx_word' id='word_1_69' title='bbox 585 1784 757 1858; x_wconf 88' lang='lat' dir='ltr'>hominem</span> <span class='ocrx_word' id='word_1_70' title='bbox 781 1799 915 1855; x_wconf 85' lang='lat' dir='ltr'>naturae</span> <span class='ocrx_word' id='word_1_71' title='bbox 937 1780 1023 1853; x_wconf 90' lang='lat' dir='ltr'>obe·</span> 
     </span>
     <span class='ocr_line' id='line_1_12' title="bbox 63 1888 1074 1992; baseline 0.001 -30"><span class='ocrx_word' id='word_1_72' title='bbox 63 1891 231 1981; x_wconf 87' lang='lat' dir='ltr'>dientem,</span> <span class='ocrx_word' id='word_1_73' title='bbox 245 1893 375 1966; x_wconf 88' lang='lat' dir='ltr'>homini</span> <span class='ocrx_word' id='word_1_74' title='bbox 392 1920 514 1969; x_wconf 89' lang='lat' dir='ltr'>nocere</span> <span class='ocrx_word' id='word_1_75' title='bbox 527 1921 596 1969; x_wconf 93' lang='lat' dir='ltr'>non</span> <span class='ocrx_word' id='word_1_76' title='bbox 610 1896 712 1992; x_wconf 67' lang='lat' dir='ltr'>posse.</span> <span class='ocrx_word' id='word_1_77' title='bbox 732 1892 865 1967; x_wconf 90' lang='lat' dir='ltr'>Deinde</span> <span class='ocrx_word' id='word_1_78' title='bbox 878 1945 891 1979; x_wconf 95' lang='lat'>,</span> <span class='ocrx_word' id='word_1_79' title='bbox 905 1892 963 1988; x_wconf 92' lang='lat' dir='ltr'>qui</span> <span class='ocrx_word' id='word_1_80' title='bbox 974 1888 1023 1960; x_wconf 82' lang='lat' dir='ltr'>al·</span> <span class='ocrx_word' id='word_1_81' title='bbox 1041 1910 1074 1963; x_wconf 78' lang='lat'>26</span> 
     </span>
     <span class='ocr_line' id='line_1_13' title="bbox 62 2002 1027 2105; baseline -0.005 -28"><span class='ocrx_word' id='word_1_82' title='bbox 62 2019 171 2077; x_wconf 84' lang='lat' dir='ltr'>terum</span> <span class='ocrx_word' id='word_1_83' title='bbox 193 2004 317 2090; x_wconf 84' lang='lat' dir='ltr'>violat,</span> <span class='ocrx_word' id='word_1_84' title='bbox 332 2024 370 2078; x_wconf 91' lang='lat' dir='ltr'>ut</span> <span class='ocrx_word' id='word_1_85' title='bbox 381 2007 451 2103; x_wconf 84' lang='lat' dir='ltr'>ipse</span> <span class='ocrx_word' id='word_1_86' title='bbox 462 2009 584 2105; x_wconf 87' lang='lat' dir='ltr'>aliquid</span> <span class='ocrx_word' id='word_1_87' title='bbox 598 2005 771 2082; x_wconf 91' lang='lat' dir='ltr'>commodi</span> <span class='ocrx_word' id='word_1_88' title='bbox 784 2002 1027 2100; x_wconf 64' lang='lat' dir='ltr'>consequentum</span> 
     </span>
     <span class='ocr_line' id='line_1_14' title="bbox 63 2111 1025 2202; baseline -0.002 -20"><span class='ocrx_word' id='word_1_89' title='bbox 63 2134 117 2186; x_wconf 85' lang='lat' dir='ltr'>aur</span> <span class='ocrx_word' id='word_1_90' title='bbox 133 2111 219 2184; x_wconf 87' lang='lat' dir='ltr'>nihil</span> <span class='ocrx_word' id='word_1_91' title='bbox 232 2112 265 2185; x_wconf 91' lang='lat' dir='ltr'>se</span> <span class='ocrx_word' id='word_1_92' title='bbox 278 2113 440 2188; x_wconf 86' lang='lat' dir='ltr'>existimat</span> <span class='ocrx_word' id='word_1_93' title='bbox 452 2141 568 2190; x_wconf 85' lang='lat' dir='ltr'>contra</span> <span class='ocrx_word' id='word_1_94' title='bbox 583 2136 729 2189; x_wconf 78' lang='lat' dir='ltr'>naturam</span> <span class='ocrx_word' id='word_1_95' title='bbox 744 2113 870 2202; x_wconf 80' lang='lat' dir='ltr'>facere3</span> <span class='ocrx_word' id='word_1_96' title='bbox 882 2130 937 2183; x_wconf 83' lang='lat' dir='ltr'>aut</span> <span class='ocrx_word' id='word_1_97' title='bbox 951 2135 1025 2182; x_wconf 89' lang='lat' dir='ltr'>ma-</span> 
     </span>
     <span class='ocr_line' id='line_1_15' title="bbox 62 2221 1061 2322; baseline 0 -29"><span class='ocrx_word' id='word_1_98' title='bbox 62 2222 106 2317; x_wconf 85' lang='lat' dir='ltr'>gis</span> <span class='ocrx_word' id='word_1_99' title='bbox 124 2221 320 2319; x_wconf 82' lang='lat' dir='ltr'>fugiendam</span> <span class='ocrx_word' id='word_1_100' title='bbox 343 2225 451 2298; x_wconf 87' lang='lat' dir='ltr'>censer</span> <span class='ocrx_word' id='word_1_101' title='bbox 476 2247 640 2316; x_wconf 89' lang='lat' dir='ltr'>mortem,</span> <span class='ocrx_word' id='word_1_102' title='bbox 666 2242 909 2322; x_wconf 82' lang='lat' dir='ltr'>paupertatem,</span> <span class='ocrx_word' id='word_1_103' title='bbox 923 2222 1023 2293; x_wconf 92' lang='lat' dir='ltr'>dolo·</span> <span class='ocrx_word' id='word_1_104' title='bbox 1045 2295 1061 2311; x_wconf 68' lang='grc'><strong><em>,</em></strong></span> 
     </span>
     <span class='ocr_line' id='line_1_16' title="bbox 62 2333 1024 2429; baseline -0.002 -26"><span class='ocrx_word' id='word_1_105' title='bbox 62 2357 129 2406; x_wconf 93' lang='lat' dir='ltr'>rem</span> <span class='ocrx_word' id='word_1_106' title='bbox 142 2386 155 2423; x_wconf 95' lang='lat'>,</span> <span class='ocrx_word' id='word_1_107' title='bbox 167 2333 375 2409; x_wconf 77' lang='lat' dir='ltr'>amissionem</span> <span class='ocrx_word' id='word_1_108' title='bbox 396 2337 495 2408; x_wconf 87' lang='lat' dir='ltr'>etiarn</span> <span class='ocrx_word' id='word_1_109' title='bbox 518 2338 720 2422; x_wconf 87' lang='lat' dir='ltr'>liberorum,</span> <span class='ocrx_word' id='word_1_110' title='bbox 735 2334 1024 2429; x_wconf 77' lang='lat' dir='ltr'>propinquorum,</span> 
     </span>
     <span class='ocr_line' id='line_1_17' title="bbox 62 2442 1024 2544; baseline 0.001 -30"><span class='ocrx_word' id='word_1_111' title='bbox 62 2443 269 2535; x_wconf 86' lang='lat' dir='ltr'>anticorum,</span> <span class='ocrx_word' id='word_1_112' title='bbox 288 2471 387 2544; x_wconf 86' lang='lat' dir='ltr'>quam</span> <span class='ocrx_word' id='word_1_113' title='bbox 407 2447 514 2521; x_wconf 80' lang='lat' dir='ltr'>lacere</span> <span class='ocrx_word' id='word_1_114' title='bbox 537 2446 680 2541; x_wconf 86' lang='lat' dir='ltr'>cuipiam</span> <span class='ocrx_word' id='word_1_115' title='bbox 707 2446 867 2517; x_wconf 83' lang='lat' dir='ltr'>iniuriam.</span> <span class='ocrx_word' id='word_1_116' title='bbox 890 2442 913 2513; x_wconf 79' lang='lat' dir='ltr'>fi</span> <span class='ocrx_word' id='word_1_117' title='bbox 941 2445 1024 2515; x_wconf 89' lang='lat' dir='ltr'>nihil</span> 
     </span>
     <span class='ocr_line' id='line_1_18' title="bbox 62 2552 1025 2638; baseline -0.002 -13"><span class='ocrx_word' id='word_1_118' title='bbox 62 2552 222 2625; x_wconf 79' lang='lat' dir='ltr'>existimat</span> <span class='ocrx_word' id='word_1_119' title='bbox 235 2556 349 2628; x_wconf 83' lang='lat' dir='ltr'>cont&#39;ra</span> <span class='ocrx_word' id='word_1_120' title='bbox 369 2578 516 2629; x_wconf 83' lang='lat' dir='ltr'>naturam</span> <span class='ocrx_word' id='word_1_121' title='bbox 539 2555 611 2628; x_wconf 86' lang='lat' dir='ltr'>fieri</span> <span class='ocrx_word' id='word_1_122' title='bbox 627 2554 817 2626; x_wconf 84' lang='lat' dir='ltr'>hominibus</span> <span class='ocrx_word' id='word_1_123' title='bbox 840 2552 1025 2638; x_wconf 73' lang='lat' dir='ltr'>violandis,</span> 
     </span>
     <span class='ocr_line' id='line_1_19' title="bbox 63 2662 1022 2763; baseline -0.002 -29"><span class='ocrx_word' id='word_1_124' title='bbox 63 2663 142 2759; x_wconf 89' lang='lat' dir='ltr'>quid</span> <span class='ocrx_word' id='word_1_125' title='bbox 166 2687 245 2735; x_wconf 89' lang='lat' dir='ltr'>cum</span> <span class='ocrx_word' id='word_1_126' title='bbox 260 2687 303 2735; x_wconf 90' lang='lat' dir='ltr'>eo</span> <span class='ocrx_word' id='word_1_127' title='bbox 321 2664 451 2738; x_wconf 80' lang='lat' dir='ltr'>disseras</span> <span class='ocrx_word' id='word_1_128' title='bbox 458 2718 470 2752; x_wconf 90' lang='lat'>,</span> <span class='ocrx_word' id='word_1_129' title='bbox 483 2666 540 2763; x_wconf 89' lang='lat' dir='ltr'>qui</span> <span class='ocrx_word' id='word_1_130' title='bbox 554 2662 696 2736; x_wconf 90' lang='lat' dir='ltr'>omnino</span> <span class='ocrx_word' id='word_1_131' title='bbox 717 2663 942 2735; x_wconf 81' lang='lat' dir='ltr'>hominemex</span> <span class='ocrx_word' id='word_1_132' title='bbox 962 2662 1022 2737; x_wconf 89' lang='lat' dir='ltr'>ho·</span> 
     </span>
     <span class='ocr_line' id='line_1_20' title="bbox 62 2772 1021 2874; baseline 0.002 -29"><span class='ocrx_word' id='word_1_133' title='bbox 62 2773 149 2846; x_wconf 88' lang='lat' dir='ltr'>mine</span> <span class='ocrx_word' id='word_1_134' title='bbox 170 2773 295 2847; x_wconf 76' lang='lat' dir='ltr'>tollat?</span> <span class='ocrx_word' id='word_1_135' title='bbox 320 2774 366 2847; x_wconf 84' lang='lat' dir='ltr'>stn</span> <span class='ocrx_word' id='word_1_136' title='bbox 387 2776 580 2874; x_wconf 80' lang='lat' dir='ltr'>fugiendum</span> <span class='ocrx_word' id='word_1_137' title='bbox 599 2776 632 2849; x_wconf 92' lang='lat' dir='ltr'>id</span> <span class='ocrx_word' id='word_1_138' title='bbox 655 2774 790 2872; x_wconf 89' lang='lat' dir='ltr'>quidem</span> <span class='ocrx_word' id='word_1_139' title='bbox 817 2772 948 2863; x_wconf 88' lang='lat' dir='ltr'>censet,</span> <span class='ocrx_word' id='word_1_140' title='bbox 966 2773 1021 2847; x_wconf 90' lang='lat' dir='ltr'>sed</span> 
     </span>
     <span class='ocr_line' id='line_1_21' title="bbox 60 2882 1020 2983; baseline 0.002 -27"><span class='ocrx_word' id='word_1_141' title='bbox 60 2906 89 2957; x_wconf 89' lang='lat' dir='ltr'>et</span> <span class='ocrx_word' id='word_1_142' title='bbox 111 2884 224 2956; x_wconf 90' lang='lat' dir='ltr'>multo</span> <span class='ocrx_word' id='word_1_143' title='bbox 246 2882 300 2955; x_wconf 89' lang='lat' dir='ltr'>illa</span> <span class='ocrx_word' id='word_1_144' title='bbox 321 2886 455 2981; x_wconf 86' lang='lat' dir='ltr'>peiora,</span> <span class='ocrx_word' id='word_1_145' title='bbox 472 2907 639 2971; x_wconf 88' lang='lat' dir='ltr'>mortem,</span> <span class='ocrx_word' id='word_1_146' title='bbox 664 2886 1020 2983; x_wconf 86' lang='lat' dir='ltr'>paupertatem,d0lo·</span> 
     </span>
     <span class='ocr_line' id='line_1_22' title="bbox 60 2993 1021 3093; baseline 0.002 -29"><span class='ocrx_word' id='word_1_147' title='bbox 60 3019 128 3069; x_wconf 85' lang='lat' dir='ltr'>rem</span> <span class='ocrx_word' id='word_1_148' title='bbox 140 3020 152 3079; x_wconf 87' lang='lat'>;</span> <span class='ocrx_word' id='word_1_149' title='bbox 165 3013 253 3066; x_wconf 88' lang='lat' dir='ltr'>errat</span> <span class='ocrx_word' id='word_1_150' title='bbox 276 2993 310 3065; x_wconf 92' lang='lat' dir='ltr'>in</span> <span class='ocrx_word' id='word_1_151' title='bbox 324 3020 367 3067; x_wconf 89' lang='lat' dir='ltr'>eo</span> <span class='ocrx_word' id='word_1_152' title='bbox 378 3050 388 3084; x_wconf 94' lang='lat'>,</span> <span class='ocrx_word' id='word_1_153' title='bbox 401 2999 494 3093; x_wconf 93' lang='lat' dir='ltr'>quod</span> <span class='ocrx_word' id='word_1_154' title='bbox 507 2999 610 3071; x_wconf 89' lang='lat' dir='ltr'>ullum</span> <span class='ocrx_word' id='word_1_155' title='bbox 625 3015 681 3071; x_wconf 80' lang='lat' dir='ltr'>attt</span> <span class='ocrx_word' id='word_1_156' title='bbox 694 2995 867 3092; x_wconf 84' lang='lat' dir='ltr'>corporis,</span> <span class='ocrx_word' id='word_1_157' title='bbox 881 3014 936 3066; x_wconf 91' lang='lat' dir='ltr'>aut</span> <span class='ocrx_word' id='word_1_158' title='bbox 951 2993 1021 3066; x_wconf 90' lang='lat' dir='ltr'>for·</span> 
     </span>
     <span class='ocr_line' id='line_1_23' title="bbox 61 3103 1062 3207; baseline 0.001 -31"><span class='ocrx_word' id='word_1_159' title='bbox 61 3121 159 3178; x_wconf 85' lang='lat' dir='ltr'>tunae</span> <span class='ocrx_word' id='word_1_160' title='bbox 185 3103 305 3177; x_wconf 89' lang='lat' dir='ltr'>vitium</span> <span class='ocrx_word' id='word_1_161' title='bbox 318 3155 329 3191; x_wconf 92' lang='lat'>,</span> <span class='ocrx_word' id='word_1_162' title='bbox 343 3105 442 3179; x_wconf 89' lang='lat' dir='ltr'>animi</span> <span class='ocrx_word' id='word_1_163' title='bbox 465 3108 554 3180; x_wconf 86' lang='lat' dir='ltr'>vitiis</span> <span class='ocrx_word' id='word_1_164' title='bbox 577 3109 712 3207; x_wconf 84' lang='lat' dir='ltr'>gravius</span> <span class='ocrx_word' id='word_1_165' title='bbox 737 3106 909 3177; x_wconf 77' lang='lat' dir='ltr'>existimat.</span> <span class='ocrx_word' id='word_1_166' title='bbox 931 3107 1019 3200; x_wconf 84' lang='lat' dir='ltr'>Ergo</span> <span class='ocrx_word' id='word_1_167' title='bbox 1039 3105 1062 3177; x_wconf 91' lang='lat'><strong>6</strong></span> 
     </span>
     <span class='ocr_line' id='line_1_24' title="bbox 62 3213 1022 3313; baseline -0.001 -28"><span class='ocrx_word' id='word_1_168' title='bbox 62 3238 164 3287; x_wconf 89' lang='lat' dir='ltr'>unum</span> <span class='ocrx_word' id='word_1_169' title='bbox 191 3214 290 3286; x_wconf 89' lang='lat' dir='ltr'>debet</span> <span class='ocrx_word' id='word_1_170' title='bbox 310 3215 375 3291; x_wconf 86' lang='lat' dir='ltr'>esse</span> <span class='ocrx_word' id='word_1_171' title='bbox 396 3218 549 3309; x_wconf 85' lang='lat' dir='ltr'>omnibus</span> <span class='ocrx_word' id='word_1_172' title='bbox 568 3214 790 3313; x_wconf 75' lang='lat' dir='ltr'>propositum,</span> <span class='ocrx_word' id='word_1_173' title='bbox 804 3232 841 3284; x_wconf 88' lang='lat' dir='ltr'>ur</span> <span class='ocrx_word' id='word_1_174' title='bbox 854 3215 967 3284; x_wconf 87' lang='lat' dir='ltr'>eadem</span> <span class='ocrx_word' id='word_1_175' title='bbox 984 3213 1022 3284; x_wconf 81' lang='lat' dir='ltr'>stt</span> 
     </span>
     <span class='ocr_line' id='line_1_25' title="bbox 60 3322 1021 3427; baseline -0.004 -28"><span class='ocrx_word' id='word_1_176' title='bbox 60 3327 180 3399; x_wconf 83' lang='lat' dir='ltr'>utilitas</span> <span class='ocrx_word' id='word_1_177' title='bbox 202 3327 477 3427; x_wconf 83' lang='lat' dir='ltr'>uniuscuiusque,</span> <span class='ocrx_word' id='word_1_178' title='bbox 491 3352 523 3402; x_wconf 90' lang='lat' dir='ltr'>er</span> <span class='ocrx_word' id='word_1_179' title='bbox 547 3326 777 3402; x_wconf 88' lang='lat' dir='ltr'>universorum</span> <span class='ocrx_word' id='word_1_180' title='bbox 782 3349 796 3410; x_wconf 78' lang='lat'>3</span> <span class='ocrx_word' id='word_1_181' title='bbox 809 3348 909 3422; x_wconf 89' lang='lat' dir='ltr'>quam</span> <span class='ocrx_word' id='word_1_182' title='bbox 931 3322 955 3394; x_wconf 78' lang='lat' dir='ltr'>sn</span> <span class='ocrx_word' id='word_1_183' title='bbox 978 3323 1021 3395; x_wconf 85' lang='lat' dir='ltr'>ad</span> 
     </span>
     <span class='ocr_line' id='line_1_26' title="bbox 59 3435 1031 3534; baseline 0.005 -26"><span class='ocrx_word' id='word_1_184' title='bbox 59 3437 86 3508; x_wconf 90' lang='lat' dir='ltr'>se</span> <span class='ocrx_word' id='word_1_185' title='bbox 106 3437 255 3534; x_wconf 85' lang='lat' dir='ltr'>quisque</span> <span class='ocrx_word' id='word_1_186' title='bbox 273 3437 396 3534; x_wconf 84' lang='lat' dir='ltr'>rapiat,</span> <span class='ocrx_word' id='word_1_187' title='bbox 415 3438 610 3511; x_wconf 82' lang='lat' dir='ltr'>dissolvetur</span> <span class='ocrx_word' id='word_1_188' title='bbox 637 3435 746 3511; x_wconf 91' lang='lat' dir='ltr'>omnis</span> <span class='ocrx_word' id='word_1_189' title='bbox 773 3435 917 3507; x_wconf 87' lang='lat' dir='ltr'>humana</span> <span class='ocrx_word' id='word_1_190' title='bbox 933 3461 1031 3513; x_wconf 89' lang='lat' dir='ltr'>con·.</span> 
     </span>
     <span class='ocr_line' id='line_1_27' title="bbox 60 3544 1068 3643; baseline -0.001 -24"><span class='ocrx_word' id='word_1_191' title='bbox 60 3547 171 3621; x_wconf 82' lang='lat' dir='ltr'>fortio.</span> <span class='ocrx_word' id='word_1_192' title='bbox 191 3553 305 3643; x_wconf 83' lang='lat' dir='ltr'>Atque</span> <span class='ocrx_word' id='word_1_193' title='bbox 318 3546 469 3636; x_wconf 87' lang='lat' dir='ltr'>eriam,s1</span> <span class='ocrx_word' id='word_1_194' title='bbox 482 3550 547 3622; x_wconf 93' lang='lat' dir='ltr'>hoc</span> <span class='ocrx_word' id='word_1_195' title='bbox 560 3568 674 3620; x_wconf 83' lang='lat' dir='ltr'>natura</span> <span class='ocrx_word' id='word_1_196' title='bbox 687 3544 895 3642; x_wconf 89' lang='lat' dir='ltr'>praescribit,</span> <span class='ocrx_word' id='word_1_197' title='bbox 906 3564 943 3618; x_wconf 85' lang='lat' dir='ltr'>ut</span> <span class='ocrx_word' id='word_1_198' title='bbox 957 3545 1018 3618; x_wconf 89' lang='lat' dir='ltr'>ho·</span> <span class='ocrx_word' id='word_1_199' title='bbox 1036 3581 1068 3633; x_wconf 77' lang='grc' dir='ltr'>η</span> 
     </span>
     <span class='ocr_line' id='line_1_28' title="bbox 60 3659 1019 3759; baseline 0.003 -29"><span class='ocrx_word' id='word_1_200' title='bbox 60 3683 113 3732; x_wconf 89' lang='lat' dir='ltr'>no</span> <span class='ocrx_word' id='word_1_201' title='bbox 135 3659 492 3759; x_wconf 87' lang='lat' dir='ltr'>homini,quicunque</span> <span class='ocrx_word' id='word_1_202' title='bbox 509 3660 566 3749; x_wconf 80' lang='lat' dir='ltr'>fit,</span> <span class='ocrx_word' id='word_1_203' title='bbox 580 3662 626 3732; x_wconf 93' lang='lat' dir='ltr'>ob</span> <span class='ocrx_word' id='word_1_204' title='bbox 648 3683 721 3734; x_wconf 88' lang='lat' dir='ltr'>earn</span> <span class='ocrx_word' id='word_1_205' title='bbox 742 3659 844 3755; x_wconf 84' lang='lat' dir='ltr'>ipsam</span> <span class='ocrx_word' id='word_1_206' title='bbox 869 3659 1019 3750; x_wconf 83' lang='lat' dir='ltr'>causam,</span> 
     </span>
     <span class='ocr_line' id='line_1_29' title="bbox 61 3771 1017 3873; baseline 0 -29"><span class='ocrx_word' id='word_1_207' title='bbox 61 3775 146 3870; x_wconf 85' lang='lat' dir='ltr'>quod</span> <span class='ocrx_word' id='word_1_208' title='bbox 167 3774 198 3846; x_wconf 89' lang='lat' dir='ltr'>is</span> <span class='ocrx_word' id='word_1_209' title='bbox 224 3773 331 3845; x_wconf 90' lang='lat' dir='ltr'>homo</span> <span class='ocrx_word' id='word_1_210' title='bbox 352 3773 407 3862; x_wconf 81' lang='lat' dir='ltr'>stt,</span> <span class='ocrx_word' id='word_1_211' title='bbox 423 3773 605 3846; x_wconf 89' lang='lat' dir='ltr'>consultum</span> <span class='ocrx_word' id='word_1_212' title='bbox 631 3775 710 3846; x_wconf 89' lang='lat' dir='ltr'>velit</span> <span class='ocrx_word' id='word_1_213' title='bbox 722 3799 735 3873; x_wconf 18' lang='lat'>3,</span> <span class='ocrx_word' id='word_1_214' title='bbox 749 3773 875 3850; x_wconf 88' lang='lat' dir='ltr'>necesse</span> <span class='ocrx_word' id='word_1_215' title='bbox 897 3771 943 3845; x_wconf 81' lang='lat' dir='ltr'>esi</span> <span class='ocrx_word' id='word_1_216' title='bbox 965 3773 1017 3845; x_wconf 92' lang='lat' dir='ltr'>se-</span> 
     </span>
     <span class='ocr_line' id='line_1_30' title="bbox 61 3881 1018 3959; baseline -0.001 -3"><span class='ocrx_word' id='word_1_217' title='bbox 61 3886 203 3958; x_wconf 82' lang='lat' dir='ltr'>cundum</span> <span class='ocrx_word' id='word_1_218' title='bbox 229 3885 367 3958; x_wconf 87' lang='lat' dir='ltr'>eandem</span> <span class='ocrx_word' id='word_1_219' title='bbox 397 3905 545 3957; x_wconf 83' lang='lat' dir='ltr'>naturam</span> <span class='ocrx_word' id='word_1_220' title='bbox 573 3885 724 3958; x_wconf 88' lang='lat' dir='ltr'>omniunt</span> <span class='ocrx_word' id='word_1_221' title='bbox 755 3883 929 3959; x_wconf 84' lang='lat' dir='ltr'>utilitatem</span> <span class='ocrx_word' id='word_1_222' title='bbox 952 3881 1018 3955; x_wconf 82' lang='lat' dir='ltr'>esse</span> 
     </span>
     <span class='ocr_line' id='line_1_31' title="bbox 62 3994 1018 4092; baseline -0.002 -26"><span class='ocrx_word' id='word_1_223' title='bbox 62 4017 284 4070; x_wconf 79' lang='lat' dir='ltr'>communem.</span> <span class='ocrx_word' id='word_1_224' title='bbox 302 3999 396 4092; x_wconf 90' lang='lat' dir='ltr'>quod</span> <span class='ocrx_word' id='word_1_225' title='bbox 422 3996 446 4067; x_wconf 86' lang='lat' dir='ltr'>fi</span> <span class='ocrx_word' id='word_1_226' title='bbox 471 3996 514 4068; x_wconf 88' lang='lat' dir='ltr'>ira</span> <span class='ocrx_word' id='word_1_227' title='bbox 536 3994 604 4084; x_wconf 87' lang='lat' dir='ltr'>est,</span> <span class='ocrx_word' id='word_1_228' title='bbox 626 4021 691 4068; x_wconf 85' lang='lat' dir='ltr'>una</span> <span class='ocrx_word' id='word_1_229' title='bbox 718 3997 926 4071; x_wconf 88' lang='lat' dir='ltr'>continemur</span> <span class='ocrx_word' id='word_1_230' title='bbox 940 4018 1018 4065; x_wconf 91' lang='lat' dir='ltr'>om·</span> 
     </span>
     <span class='ocr_line' id='line_1_32' title="bbox 62 4102 1018 4205; baseline -0.003 -28"><span class='ocrx_word' id='word_1_231' title='bbox 62 4128 130 4200; x_wconf 83' lang='lat' dir='ltr'>nes,</span> <span class='ocrx_word' id='word_1_232' title='bbox 145 4131 180 4184; x_wconf 92' lang='lat' dir='ltr'>et</span> <span class='ocrx_word' id='word_1_233' title='bbox 194 4109 313 4183; x_wconf 90' lang='lat' dir='ltr'>eadem</span> <span class='ocrx_word' id='word_1_234' title='bbox 333 4106 406 4203; x_wconf 88' lang='lat' dir='ltr'>lege</span> <span class='ocrx_word' id='word_1_235' title='bbox 428 4126 583 4195; x_wconf 69' lang='lat' dir='ltr'>naturae,</span> <span class='ocrx_word' id='word_1_236' title='bbox 599 4105 698 4205; x_wconf 92' lang='lat' dir='ltr'>idque</span> <span class='ocrx_word' id='word_1_237' title='bbox 714 4108 832 4204; x_wconf 84' lang='lat' dir='ltr'>ipsum</span> <span class='ocrx_word' id='word_1_238' title='bbox 850 4103 934 4178; x_wconf 85' lang='lat' dir='ltr'>siira</span> <span class='ocrx_word' id='word_1_239' title='bbox 948 4102 1018 4194; x_wconf 84' lang='lat' dir='ltr'>est,</span> 
     </span>
    </p>
   </div>
   <div class='ocr_carea' id='block_1_3' title="bbox 0 0 1174 4628">
    <p class='ocr_par' dir='ltr' id='par_1_3' title="bbox 0 0 1174 4628">
     <span class='ocr_line' id='line_1_33' title="bbox 0 0 1174 4628; baseline 0 0"><span class='ocrx_word' id='word_1_240' title='bbox 0 0 1174 4628; x_wconf 95' lang='lat' dir='ltr'> </span> 
     </span>
    </p>
   </div>
  </div>
 </body>
</html>
