2340 4560
276 572 786 651 HISTORICUS.
958 580 1030 676 487

98 755 131 829 eo
137 732 236 817 plenae
246 732 314 817 suot
328 735 463 797 orationes
480 735 614 797 Ciceronis
625 736 683 819 post
694 736 804 797 redituro
820 739 856 798 oi
873 740 966 820 exfilt'o
979 742 1029 800 do·

57 816 304 971 P.Cffi1NJUS‚
323 898 437 985 Capipo,
455 896 546 959 Arch.
565 916 588 977 ς.
602 907 717 977 praetor
734 917 760 959 a.
771 896 810 961 U.
828 898 984 963 DCLXIV.
999 902 1031 965 in

23 1114 26 1119 Ι
99 976 452 1121 ssauelcssrkimppmapcppffi
452 998 469 1039 a
486 978 517 1045 1.
538 976 639 1042 Pisone
659 980 697 1041 de
709 980 877 1059 repetundis
898 982 962 1061 post
977 984 1029 1047 ad·

58 1140 92 1201 ι.
111 1138 308 1214 creturus,
324 1140 454 1203 cimber.
475 1139 561 1204 eaor.
583 1160 616 1222 3,
636 1112 873 1223 seminarius.

57 1220 95 1285 C
118 1221 259 1295 GALBA,
279 1222 354 1283 Serv.
376 1225 479 1283 Galbae
500 1225 625 1284 oratoris
637 1223 727 1302 filius.
750 1224 801 1289 Or.
822 1245 857 1299 1,
884 1226 930 1307 56.
950 1224 1029 1290 Brut

101 1304 151 1366 26.
172 1322 217 1384 32.
235 1304 263 1363 dc
286 1322 330 1383 34.
349 1304 379 1365 P.
395 1302 485 1365 Crassi
503 1304 634 1364 Muciani
653 1323 748 1383 gener.
765 1305 914 1383 rogatione
928 1306 1028 1369 Mani-

97 1382 140 1444 lia
160 1380 309 1461 oppressus
327 1384 375 1446 est.
395 1404 448 1462 pro
467 1383 572 1461 seipse
591 1384 671 1445 dixit.
694 1386 802 1461 primus
819 1386 882 1463 post
898 1384 937 1449 U.
954 1388 989 1452 C.
1011 1406 1029 1451 e

98 1461 227 1541 collegio
241 1461 424 1526 sacerdotum
443 1465 594 1526 damnatus
615 1465 656 1526 est
669 1467 779 1528 iudicio
796 1466 924 1545 publico.

57 1544 88 1606 P.
99 1544 240 1619 Grion,
255 1544 333 1605 Verr.
355 1568 428 1621 1‚7.
443 1546 572 1607 Senator.
593 1547 661 1611 Har.
677 1547 747 1625 resp.
763 1548 792 1613 6.
803 1548 949 1611 Pontifex:
962 1548 1026 1613 Ate

56 1625 883 1773 snit¹‘si1‘iiiiiis³¹iiiii¹s¹¹i‘i“¹⁰¹⁸¹¹²⁶⁶³⁰ia⁰i⁰
897 1629 1029 1775 ntor..

155 1753 163 1767 .
412 1742 424 1769 ι
571 1728 775 1783 er.2‚.
859 1731 1028 1775 tr..ra·

96 1800 145 1849 tor
155 1832 165 1859 ‚
176 1790 218 1863 is,
233 1790 280 1867 qui
300 1790 468 1871 Confirifiu't
486 1755 543 1851 curii
560 1794 604 1853 M.
619 1792 738 1853 Aemilio
750 1730 864 1853 irruo.
881 1732 960 1855 Biut.
979 1814 1026 1856 ιι.

96 1868 264 1946 eloquentia
278 1868 416 1949 praestitit
432 1871 482 1934 Or.
500 1895 533 1946 r,
552 1890 597 1955 53.
607 1870 693 1933 valde
703 1872 836 1935 laudatur
849 1874 911 1935 eius
927 1874 1026 1935 dicen·

99 1951 132 2013 di
151 1951 233 2012 ratio.
253 1952 363 2029 primus
373 1972 409 2013 err
423 1954 531 2015 Latinis
545 1973 606 2013 rem
622 1972 745 2031 augere,
764 1974 876 2029 ornare,
891 1974 1025 2031 movere,

97 2029 238 2093 delectati
258 2034 364 2111 coepit.
390 2053 423 2111 3,
441 2056 470 2110 7.
488 2033 597 2113 aliquid
614 2032 770 2113 asperitatis
785 2037 815 2097 in
830 2036 958 2099 dicendo
974 2035 1028 2099 ha-

96 2112 172 2176 buit.
182 2112 260 2175 Mur.
274 2114 321 2177 28.
338 2134 354 2176 a
367 2114 409 2179 Μ.
423 2114 536 2178 Catone
554 2136 663 2193 proavo
672 2116 815 2179 Uticensis
824 2116 925 2180 frustra
938 2136 1027 2180 occu·

96 2193 183 2255 satur.
206 2194 256 2256 Or.
277 2217 312 2269 ι,
335 2215 381 2276 53.
396 2197 458 2275 post
474 2208 636 2274 praeturam
652 2197 821 2275 Hispaniam
835 2198 970 2261 obtinuit.
989 2199 1027 2262 In

95 2295 166 2336 eum
185 2275 248 2354 post
265 2277 389 2338 reditum
405 2278 601 2355 quaestionem
617 2278 684 2338 tulit
697 2278 729 2341 L.
742 2280 925 2351 scribonius.
937 2300 1025 2357 quam

96 2357 195 2417 minus
220 2359 341 2436 graviter
361 2360 530 2436 deprecatus
550 2378 567 2418 a
586 2358 696 2435 populo
714 2362 743 2421 dc
762 2359 800 2419 iic
820 2359 956 2422 liberatus
975 2361 1026 2425 est.

97 2440 172 2499 Idem
187 2441 221 2515 esi
236 2442 281 2517 qui
298 2441 451 2500 nominatur
468 2443 505 2501 ad
522 2440 592 2501 Her.
609 2460 647 2514 4,
669 2459 697 2517 ς.

52 2517 160 2582 SERV.
176 2519 315 2593 GALBA,
340 2528 478 2603 (proavus
492 2521 682 2599 Imperatoris)
695 2519 733 2580 ad
742 2519 806 2580 Div.
820 2520 860 2592 6,
881 2520 926 2585 ι8.
941 2520 1025 2599 spon-

88 2599 145 2663 dor
160 2600 193 2660 iit
212 2621 263 2678 pro
281 2603 419 2679 Pompeio
442 2601 510 2663 filio.
523 2600 594 2663 Phil.
626 2621 678 2681 ις,
703 2619 747 2675 ις.
770 2600 808 2662 ud
821 2600 886 2663 Div.
908 2623 962 2677 ιο,
979 2623 1025 2683 30.

96 2681 137 2742 de
147 2682 356 2760 percussoribus
370 2682 514 2757 Caesaris,
527 2680 645 2761 epistola
659 2683 696 2743 ad
712 2681 886 2746 Ciceronem
901 2682 939 2745 de
951 2704 1024 2765 pug-

95 2783 134 2823 na
150 2762 315 2831 Mutinensi
334 2767 371 2825 ad
388 2766 453 2828 Div.
473 2787 525 2837 ιι,
546 2762 591 2825 ι8.

55 2843 203 2917 GALEO,
223 2846 284 2907 Att.
306 2867 359 2920 ιι,
379 2868 421 2909 11.
441 2845 579 2908 heredem
598 2844 772 2908 Ciceronem
787 2845 867 2908 facit.

54 2924 274 3066 ῦΛΙΓΙῌΟΤΑΕ,
297 2926 361 2988 Dir.
391 2949 425 3001 r,
446 2950 492 2990 20.
515 2929 684 3007 interpretes
707 2942 910 3007 portentorum
932 2929 964 2991 in
983 2930 1026 2994 Si·

97 3026 124 3066 cr
138 3027 175 3068 ra.
664 3064 667 3069 .

55 3088 89 3149 C.
107 3086 289 3171 GALLIUS,
307 3090 386 3151 Verr.
411 3108 446 3169 3,
465 3090 514 3174 65.
533 3089 662 3150 Senator.

55 3168 101 3232 Μ.
121 3168 291 3233 Gttitus.
304 3174 342 3249 Q.
361 3171 392 3235 F.
409 3169 481 3233 Phil.
506 3191 560 3251 13,
579 3191 623 3231 12.
640 3169 816 3246 praetorius,
830 3168 1035 3232 Antonianos

97 3250 136 3310 ad
161 3252 221 3314 Att
251 3272 513 3325 rr‚20.ro,r.

56 3333 97 3410 Q.
117 3331 295 3407 GALLIUS,
316 3334 393 3395 Brut.
415 3355 463 3411 γι).
485 3272 501 3392 ir
518 3330 563 3394 M.
582 3328 697 3393 Calidio
719 3348 784 3390 reus
799 3327 832 3391 iit
851 3328 891 3390 de
902 3328 1026 3405 ambitu,

97 3412 265 3474 defenditur
280 3437 296 3478 a
315 3414 467 3477 Cicerone.

55 3494 87 3556 P.
101 3494 321 3558 GALLONIUS
343 3500 465 3566 Proeto,
480 3495 597 3573 Quinti.
619 3512 663 3573 30.
683 3491 799 3564 Firuz,
819 3490 849 3551 8.
871 3489 962 3553 homo
982 3491 1029 3553 lu·

96 3575 318 3652 xuriosriirmus‚
341 3578 422 3638 cuius
442 3576 540 3638 mensa
557 3574 638 3637 omni
656 3590 760 3653 genere
777 3570 963 3649 deliciarum,
984 3575 1029 3635 in·

96 3656 200 3735 primis
228 3658 392 3737 acipensere
418 3659 560 3733 infamis,
586 3667 736 3736 propterea
767 3666 884 3717 notatus
913 3655 1029 3720 Lucilio

97 3744 214 3816 poetae.

57 3818 209 3881 GALLUS
229 3821 401 3887 Herennius.
423 3846 450 3882 v.
469 3821 640 3883 Herennius.

57 3900 209 3965 GALLUS
231 3902 389 3965 Cornelius.
414 3904 450 3965 ad
474 3901 539 3965 Div.
561 3922 616 3973 ιο,
636 3919 679 3980 32.
697 3901 789 3979 poeta
807 3900 848 3962 est
867 3899 967 3961 nobilis
976 3898 1032 3983 sub

102 3986 134 4044 A
183 3986 245 4065 sto,
265 4004 295 4046 ιιι
308 4004 389 4069 putor
407 3985 567 4046 Manutius.
583 3985 642 4044 Nee
659 3984 755 4056 uideo,
770 3984 837 4063 quid
853 3983 939 4063 obstet.

59 4062 94 4130 C.
114 4064 141 4128 G
192 4064 284 4143 tus,
304 4067 342 4129 ad
360 4066 425 4131 Diu.
442 4088 484 4144 4,
506 4066 535 4130 6.
557 4067 590 4131 dc
610 4082 688 4149 grate
710 4064 848 4147 Sulpicia,
864 4059 968 4123 consul
985 4059 1039 4121 Li.

766 4144 891 4238 Hh4
