2340 4628
35 616 39 629 '
161 633 232 705 160
398 630 889 704 neorrterts

160 790 349 880 fortitudo,
371 818 458 892 quae
479 791 527 867 est
548 792 706 866 dolomm
723 792 949 894 labommque
966 818 1130 875 contem·

159 902 238 975 tio?
260 902 417 1000 quamvis
441 902 530 975 enim
552 903 666 977 multis
686 904 723 977 in
741 903 827 978 locis
848 905 941 981 dicat
959 908 1131 1007 Epiurrm

161 1011 273 1111 (ficut
291 1012 346 1086 hic
359 1009 463 1110 dicit)
478 1012 553 1087 satis
564 1012 696 1088 fortiter
709 1015 751 1087 de
764 1014 905 1103 dolote;
924 1034 1043 1106 tamen
1055 1044 1130 1095 non

159 1121 370 1217 spedlandum
387 1119 456 1213 est,
470 1121 555 1219 quid
571 1122 675 1210 dicat,
689 1123 745 1198 sed
763 1126 848 1224 quid
865 1126 1130 1205 consentaneam

75 1248 78 1253 '
160 1234 200 1307 lit
211 1235 242 1307 ei
253 1234 378 1326 dicere,
390 1233 449 1332 qui
463 1233 565 1320 bona,
575 1229 751 1327 voluptate
763 1231 1015 1323 terminaverim
1029 1236 1130 1331 meh,

159 1343 303 1415 dolore:
322 1359 377 1430 ut,
390 1340 414 1413 fi
427 1340 521 1414 illum
532 1337 665 1411 audiam
677 1338 719 1412 de
729 1338 936 1415 continentia
947 1360 1129 1444 ettempe·

159 1451 286 1537 rantia;
305 1449 386 1524 dicit
399 1449 453 1523 ille
464 1446 600 1547 quidem
613 1447 716 1521 multa
728 1448 839 1521 multis
851 1449 956 1539 locis,
971 1450 1030 1526 sed
1042 1472 1129 1553 εφη

159 1562 291 1647 haeret,
302 1575 344 1631 ut
356 1559 458 1632 aiunt
481 1580 560 1631 nam
577 1555 636 1655 qui
660 1556 770 1656 potest
784 1560 1041 1657 temperantiam
1056 1562 1129 1639 lau·

159 1672 238 1742 dare
259 1669 310 1758 is,
325 1670 385 1768 qui
407 1686 510 1767 ponat
532 1668 699 1743 summum
723 1669 852 1745 bouum
870 1669 908 1745 in
922 1673 1127 1773 voluptate!

158 1782 207 1855 est
227 1781 317 1855 enim
343 1781 562 1879 temperantia
586 1780 761 1855 libidinum
790 1780 950 1870 inimica;
971 1784 1127 1863 libidines

94 1910 141 1962 na
159 1917 268 1968 autem
286 1891 538 1967 consedatrices
555 1892 749 1989 voluptatis.
775 1897 887 1990 Atque
898 1893 934 1966 in
948 1894 1000 1969 his
1012 1916 1128 1975 tamen

158 2003 265 2077 tribus
278 2002 477 2103 generibus,
491 2026 635 2101 quoquo
650 2004 756 2075 modo
770 2002 925 2100 poliunt,
939 2028 1011 2077 non
1024 2006 1127 2081 incal-

156 2112 224 2187 lide
236 2112 504 2214 tergiversantur.
534 2113 747 2187 Prudentiam
760 2112 1003 2202 introducunt,
1019 2117 1127 2192 scicn-

156 2225 237 2299 tiam
261 2224 522 2323 suppeditantem
543 2223 754 2320 voluptates,
775 2223 994 2320 depellentem
1022 2228 1126 2301 dolo·

157 2359 222 2409 res.
247 2333 476 2409 fortitudinem
496 2357 634 2432 quoque
653 2333 767 2431 aliquo
788 2332 896 2405 modo
916 2335 1128 2431 expediunt,

156 2468 236 2541 pum
258 2443 391 2517 tradunt
415 2442 582 2516 tationem
601 2439 816 2539 negligendae
839 2438 978 2527 mortis,
1002 2466 1128 2541 perpe·

157 2553 329 2652 tiendique
340 2552 476 2629 doloris.
490 2550 589 2627 etiam
602 2548 852 2646 temperantiam
864 2547 1043 2641 inducunt,
1053 2576 1126 2625 non

156 2662 312 2737 facillime
328 2664 374 2736 illi
387 2663 521 2762 quidem
536 2712 547 2749 ,
561 2660 616 2732 sed
635 2676 746 2731 tamen
764 2682 908 2756 quoquo
920 2659 1030 2734 modo
1044 2662 1126 2758 pos·

156 2770 240 2842 sunt.
263 2772 380 2843 dicunt
396 2771 504 2856 enim,
517 2770 696 2866 voluptatis
716 2772 978 2869 magnitudinem
994 2776 1128 2850 doloris

156 2879 363 2953 detradlione
383 2878 481 2954 finiri.
508 2878 629 2952 lustitia
644 2880 793 2969 vacillat,
809 2880 864 2955 vel
883 2880 970 2956 iacet
986 2884 1129 2980 potius,

156 3009 342 3084 omnesque
360 3011 418 3062 eae
437 2988 600 3075 virtutes,
621 3013 706 3087 quae
726 2991 762 3063 in
780 2991 1024 3066 communitate
1046 3018 1127 3069 cer-

142 3100 292 3190 nuntur,
306 3099 389 3174 etin
406 3100 563 3175 societate
584 3099 712 3201 generis
732 3099 878 3175 humani.
904 3104 1125 3200 nequeenim

147 3210 305 3302 bonitas,
318 3240 381 3289 nec
394 3213 578 3304 liberalitas,
591 3238 655 3288 nec
670 3213 810 3288 comitas'
824 3211 889 3286 elle
907 3213 1038 3311 potest,
1052 3240 1126 3292 non

154 3326 228 3422 plut
246 3352 344 3425 quam
363 3325 528 3416 amicitia,
542 3326 566 3398 st
580 3326 663 3400 haec
681 3350 752 3398 non
768 3350 830 3423 per
847 3323 880 3398 se
897 3348 1126 3422 expetanmr,

32 3488 53 3539 ,
91 3481 108 3549 3
115 3480 137 3542 4
154 3436 210 3508 sed
226 3439 268 3511 ad
288 3441 521 3538 voluptatem,
536 3439 752 3517 utilitatemve
771 3438 966 3540 referanmr.
992 3440 1127 3516 Confe-

65 3582 68 3587 ·
88 3586 136 3637 ιι,
155 3570 268 3621 ramus
281 3549 381 3647 igitur
395 3551 430 3623 in
445 3575 559 3647 pauca.
583 3574 659 3621 nam
677 3568 713 3623 ut
724 3550 904 3626 utilitatem
918 3552 1044 3626 nullam
1059 3554 1127 3627 effe

155 3652 357 3747 docuimus,
377 3683 464 3755 quae
486 3657 649 3733 honestati
671 3657 752 3731 ellat
769 3660 953 3747 contraria;
978 3660 1026 3735 lic
1043 3686 1127 3737 om·

112 3786 114 3791 ·
154 3786 232 3835 nem
255 3765 462 3860 voluptatem
483 3768 624 3843 dicimus
643 3768 805 3842 honestati
824 3768 892 3844 effe
908 3773 1128 3850 contrariam

155 3893 227 3966 qno
252 3872 354 3968 magis
374 3877 665 3970 reprehendendos
683 3878 921 3976 Calliphonem
946 3901 980 3954 et
1006 3880 1128 3957 Diuo·

155 3981 312 4053 machum
337 3981 471 4071 iudico,
498 3988 609 4087 quise
631 3989 831 4063 diremturos
855 3992 1127 4069 controversiam

155 4112 377 4189 putaremur,
392 4096 505 4175 stcum
527 4102 699 4178 honestate
715 4105 927 4205 uoluptatem
938 4159 950 4197 ,
961 4122 1125 4206 tanquam
