2340 4628
391 450 408 457 u
753 462 756 468 .
1140 458 1145 465 ι

174 683 219 766 52
411 666 905 769 Dii-,OFFJCllts
997 720 1001 727 .

167 829 363 927 sequantur3
385 799 597 928 manimeque
619 830 654 902 in
676 854 719 903 eo
738 784 933 928 plerumque
955 831 1130 907 elaborare

166 937 206 1029 ii,
220 939 282 1037 *qui
300 962 418 1036 magna
436 937 495 1010 fibi
512 955 728 1036 proponunt,
746 936 896 1012 obscuris
907 941 977 1013 orti
992 940 1128 1013 maiori·

104 1075 150 1127 nn
165 1047 237 1121 bus.
263 1047 356 1120 Haec
374 1046 473 1144 igitur
491 1048 629 1138 omnia,
648 1071 725 1120 cum
742 1048 949 1145 quaerimus,
970 1049 1056 1148 quid
1069 1051 1128 1123 de·

164 1178 256 1248 ceat,
278 1159 453 1255 complesti
474 1159 589 1230 animo
608 1177 643 1231 et
664 1157 871 1256 cogitatione
891 1160 1061 1234 debemuu
1086 1165 1126 1234 lu

163 1271 280 1368 primis
300 1270 683 1345 autemconslituendum
707 1267 756 1343 est
765 1294 879 1368 ‚quos
900 1293 963 1342 not
970 1288 1126 1370 ‚etquz

47 1372 69 1402 '¹
162 1380 209 1456 les
225 1381 292 1454 elle
306 1380 470 1471 velimus,
488 1400 523 1453 et
542 1379 578 1450 in
596 1401 668 1474 quo
686 1401 805 1475 genere
820 1379 934 1466 vitae3
951 1405 1037 1479 quae
1060 1384 1124 1456 de·

159 1487 314 1562 liberatio
331 1487 379 1561 esi
393 1488 548 1560 omnium
566 1488 772 1591 difficillima
792 1491 1028 1566 loeutueeilim
1041 1494 1124 1569 ado·

158 1597 337 1684 lucentia,
364 1621 441 1670 orm
468 1595 515 1670 esl
547 1598 692 1669 maxima
725 1598 944 1674 imbecillitas
952 1584 1122 1693 consilii,

161 1716 234 1786 lum
255 1709 291 1781 id
306 1705 366 1779 sibi
388 1708 529 1806 quisque
546 1730 649 1806 genus
668 1710 784 1783 aetatis
807 1711 982 1808 degendae
991 1710 1121 1784 consii-

111 1858 123 1875 «
155 1815 239 1906 tuit,
261 1815 355 1912 quod
376 1815 521 1904 maxime
538 1816 741 1890 adamavit.
731 1836 847 1917 itaque
868 1836 944 1891 ante
966 1817 1121 1918 implice-

152 1934 214 2000 'rur
242 1925 356 2024 aliquo
382 1942 476 2000 certo
489 1942 492 1947 '
505 1951 626 2025 genere
650 1928 810 2026 cursuque
832 1927 995 2020 vivendi,
1018 1955 1120 2029 quiam

96 2055 143 2111 nt
156 2035 285 2134 pontit,
308 2035 403 2135 qnod
421 2036 587 2133 optimum
609 2037 707 2123 esset,
730 2037 888 2111 iudicare.
918 2040 1006 2112 Nam
1022 2041 1119 2139 prod

157 2144 336 2220 Herculem
351 2147 542 2221 Prodicium
556 2148 671 2220 dicunt
684 2145 739 2246 (ut
749 2146 797 2220 esi
809 2149 896 2246 apud
909 2149 1120 2246 Xenophon
1151 2178 1160 2207 ⁴

154 2253 243 2356 tem)
258 2281 335 2331 cum
358 2260 504 2355 primum
525 2258 719 2356 pubesceret
740 2254 854 2355 (quod
872 2274 1006 2354 tempus
1023 2283 1044 2330 a
1060 2282 1120 2330 na·

154 2383 231 2438 tura
249 2368 290 2439 ad
313 2368 546 2465 deligendum,
571 2390 671 2465 quam
696 2365 837 2465 quicque
858 2364 951 2437 viam
975 2365 1117 2441 vivendi

146 2471 194 2546 <m
216 2474 438 2575 ingressurum
460 2477 572 2550 datum
596 2471 674 2574 esi)
693 2472 792 2548 exisse
818 2473 853 2544 in
877 2472 1116 2564 solitudinem,

146 2599 254 2682 'utque
276 2586 323 2658 ibi
343 2586 533 2676 sedentem,
558 2586 616 2657 diu
641 2583 752 2655 secum
781 2580 991 2679 multumque
1015 2583 1118 2657 dubi·

143 2695 360 2780 ·tasse,·cum
383 2697 461 2770 duas
485 2685 636 2769 cerneret
657 2694 753 2780 vias,
775 2717 881 2780 unam
904 2695 1118 2793 Voluptatis,

152 2801 286 2876 alteram
307 2802 474 2890 Virtutis,
496 2821 604 2876 utram
627 2800 755 2899 ingredi
779 2802 897 2893 melius
919 2802 1022 2892 effen
1046 2805 1117 2882 hoc

77 2944 82 2952 ·
153 2910 309 3002 Herculi,
325 2911 418 2988 lovis
438 2913 507 2987 satu
527 2913 619 2986 edito
629 2912 767 3007 ,pontit
788 2909 930 2986 forcalle
927 2931 1114 3013 continge

151 3044 214 3111 re,
236 3023 333 3099 nobis
355 3049 424 3098 non
449 3024 558 3115 ire'm,
580 3021 856 3123 (polimitam,
880 3044 968 3122 quos
991 3025 1115 3126 cuique

150 3132 262 3208 visum
277 3132 324 3206 est
334 3151 457 3231 ,atque
478 3118 533 3205 ad
542 3156 663 3205 eorum
684 3106 791 3204 sludia
815 3077 1059 3261 irlsiitutaque
1047 3162 1113 3211 tm·

152 3243 315 3339 pellimur
347 3243 496 3342 plerique
516 3254 625 3315 autem
645 3259 819 3336 parentum
842 3244 1028 3340 praeceptis
1045 3245 1113 3319 im-

93 3400 103 3418 .
150 3349 248 3442 buti,
266 3353 309 3425 ad
329 3375 448 3426 eorum
467 3349 738 3426 consuetudinem
758 3371 957 3448 moremque
975 3354 1113 3431 deduci·

152 3480 238 3529 mur.
252 3457 305 3529 alii
318 3457 536 3531 multitudinis
550 3456 677 3529 iudicio
691 3455 846 3528 seruntur
854 3478 1029 3556 ,quaeque
1041 3485 1112 3535 ma·

118 3646 130 3664 x
150 3562 217 3638 iori
234 3567 316 3662 parti
335 3568 555 3664 pulcherrima
577 3568 750 3651 videmur,
781 3591 820 3639 ea
841 3566 987 3642 mantne
1005 3595 1110 3671 exop

151 3691 244 3748 tant.
260 3676 410 3749 nonnulli
426 3696 539 3750 tamen
555 3677 624 3750 sive
638 3675 789 3749 selicitate
803 3676 958 3774 quadam,
968 3674 1042 3755 five
1053 3678 1111 3754 bo·

151 3783 254 3858 nitate
273 3802 425 3872 naturae,
444 3766 512 3856 sve
526 3800 697 3879 parentum
712 3784 903 3880 disciplina,
918 3787 1092 3860 restam
1055 3813 1110 3863 vr·

87 3905 130 3982 33
149 3904 203 3966 tae
222 3887 323 3965 secuti
340 3890 460 3963 sunt
427 3916 527 3966 viam.
542 3890 625 3963 lllud
637 3908 750 3964 autem
764 3894 910 3966 maxime
924 3916 1039 3968 ratum
1048 3918 1109 4020 ge·

86 4023 113 4064 ¹
118 4022 134 4074 9
152 4026 213 4077 nus
230 3999 434 4090 elicorum,
451 4002 508 4098 qui
525 4018 582 4072 aut
600 4000 813 4074 excellentis
804 4002 931 4100 ingenii
948 4003 1108 4102 magnitu-

124 4110 127 4115 ’
149 4113 241 4208 dine,
249 4129 306 4189 aut
314 4110 673 4214 praeclaraeruditione
682 4133 780 4212 atque
787 4114 954 4206 doctrina,
963 4136 1108 4194 aruum·
