2340 4628
153 655 251 739 ,180
431 640 635 727 CA'TO
686 654 939 729 MAIOR

171 816 279 891 cantia
291 814 391 891 etiarn
409 815 445 887 in
460 814 624 890 senedute
645 815 844 890 conservare
836 814 992 915 aliquid
1012 811 1132 915 prisliui

111 958 152 1010 tt
173 923 317 999 roboris.
346 926 425 997 Non
440 924 559 999 suntin
572 925 734 999 senectute
747 924 860 999 vires?
874 951 918 1001 ne
930 922 1168 1024 postulantur

171 1033 356 1133 quidem
323 1058 411 1107 vires
424 1060 443 1107 a
457 1032 632 1109 seuedute.
645 1059 729 1133 ergo
741 1055 776 1108 et
788 1035 919 1137 legibus
930 1054 966 1109 et
983 1024 1168 1141 intritum}

171 1160 268 1217 vacat
288 1163 376 1216 aetas
397 1142 507 1216 nostra
528 1144 760 1218 muneribus
739 1168 796 1233 us,
810 1169 897 1243 quae
913 1168 987 1217 non
1005 1140 1168 1257 polluut¹
1165 1146 1168 1185 ¹

171 1252 239 1326 fine
260 1253 388 1328 viribus
410 1253 568 1328 sustineri.
591 1254 702 1352 itaque
723 1279 792 1327 non
807 1254 934 1343 modo,
954 1254 1051 1353 quod
1064 1262 1168 1357 ιιοιιεἰ

171 1363 363 1488 possumus,
378 1365 434 1439 sed
448 1389 490 1439 ne
504 1384 664 1463 quantum
678 1363 849 1462 possumus
864 1363 1027 1463 quidem,
1038 1360 1168 1463 cogi·

120 1504 152 1561 ,ς
170 1500 257 1550 ιιιιιι.
272 1474 341 1546 At
333 1494 376 1546 ιιι
391 1472 574 1548 multisunt
593 1472 751 1547 imbecilli
764 1472 874 1559 senes,
887 1493 926 1546 ut
939 1472 1065 1546 nullum
1075 1468 1168 1546 σι’·Ι

170 1589 261 1681 ficii,
273 1610 330 1664 aut
343 1613 486 1662 ommno
501 1608 589 1664 vitae
601 1613 721 1663 munus
740 1586 874 1711 exsequi
886 1584 1022 1685 possint.
1044 1585 1128 1661 eltid
1166 1584 1168 1591 '

170 1702 306 1800 quidem
319 1726 389 1771 non
402 1697 577 1797 proprium
591 1695 862 1772 seneuutisest
830 1696 969 1787 vitium,
978 1695 1036 1771 sed
1045 1720 1128 1773 com·

169 1836 271 1884 mune
290 1808 494 1883 valetudinis.
519 1813 630 1903 Quam
649 1810 710 1883 suit
727 1809 913 1887 imbecillus
931 1810 968 1883 P.
989 1805 1128 1885 Africani

169 1916 256 1991 silius
271 1918 315 2008 is,
328 1916 387 2015 qui
400 1936 432 1989 te
446 1916 647 2014 adoptavit?
663 1940 763 2014 quam
772 1915 883 2005 tenui,
895 1934 954 1991 aut
966 1917 1058 1991 nulla
1068 1942 1128 2016 po·

169 2031 235 2105 tius
248 2029 462 2105 valetudine?
476 2028 571 2126 quod
586 2028 620 2100 ui
629 2027 674 2102 ita
687 2026 807 2114 suisset,
821 2028 963 2101 alterum
976 2030 1033 2105 ille
1043 2028 1128 2105 erdli-

168 2137 255 2212 tisset
269 2139 381 2211 lumen
399 2138 552 2211 civitatis.
575 2139 617 2210 ad
631 2156 802 2235 paternam
821 2135 910 2211 enim
930 2139 1128 2239 magnitudi-

168 2275 247 2323 nem
261 2249 363 2323 animi
378 2250 526 2324 dodrina
540 2250 675 2322 uberior
692 2248 875 2325 accesserat.
897 2252 996 2347 Quid
1009 2254 1127 2327 mirum

167 2359 270 2460 igitur
280 2362 315 2434 in
329 2361 473 2448 senibus,
488 2360 644 2435 stinfirmi
662 2363 735 2436 sunt
750 2361 942 2461 aliquando,
950 2391 1030 2439 cum
1041 2388 1084 2440 ne
1094 2362 1127 2437 id

169 2473 307 2571 quidem
321 2472 544 2547 adolescentes
560 2471 704 2570 effugere
718 2471 864 2569 possint?
890 2473 1127 2563 Resistendum,

170 2583 261 2656 laeli
283 2601 317 2657 et
337 2583 472 2680 Scipio,
487 2583 640 2656 seneduti
653 2579 720 2667 est,
736 2581 872 2679 eiusque
892 2581 975 2655 vitia
1000 2582 1128 2681 diligen·

166 2694 213 2765 tia
227 2695 472 2792 compensanda
487 2694 570 2766 sunt.
589 2695 807 2792 Pugnandum
818 2747 829 2782 ,
840 2714 1000 2793 tanquam
1014 2718 1127 2795 contra

115 2828 149 2897 ‚a
168 2805 349 2887 morbum,
361 2802 405 2877 sc
425 2825 541 2877 contra
558 2803 769 2879 senedlutem.
791 2804 953 2879 Habenda
966 2806 1054 2881 ratio
1068 2830 1124 2881 va·

165 2911 337 2984 letudinis:
361 2914 522 2985 utendum
549 2915 838 2991 exercitationibus
863 2916 1030 2991 modicis:
1054 2936 1124 2990 tan·

164 3038 237 3095 tum
252 3021 318 3094 cibi
336 3040 370 3094 et
390 3022 539 3119 potionis
556 3022 798 3116 adhibendum,
810 3044 847 3100 ut
866 3024 1057 3115 reficiantur
1072 3024 1123 3103 vi·

162 3156 234 3220 res,
248 3156 318 3203 non
332 3130 574 3228 opprimantur.
595 3134 670 3208 Nec
684 3160 769 3208 vero
784 3135 921 3233 corpori
934 3134 998 3209 soli
1012 3136 1123 3212 subve-

161 3241 322 3316 niendum
340 3238 402 3329 esl,
417 3240 473 3313 sed
495 3242 598 3315 menti
623 3261 721 3343 atque
742 3245 856 3319 animo
882 3246 990 3321 multo
1004 3247 1123 3351 magis.

160 3376 239 3423 nam
252 3354 334 3425 haec
348 3375 501 3449 quoque,
517 3351 577 3424 nisi
592 3372 747 3451 tanquam
760 3353 878 3428 lumini
891 3340 1008 3429 oleum
1021 3356 1124 3433 inslil·

160 3459 208 3532 les
215 3460 507 3567 ,exstinguuntur
500 3460 674 3536 senedute.
691 3484 724 3537 et
741 3489 886 3562 corpora
902 3465 1047 3565 quidem
1067 3470 1124 3542 de·

160 3564 354 3662 fatigatione
372 3587 406 3640 et
429 3571 665 3647 exercitatione
684 3575 954 3673 ingravescunt·
956 3580 1124 3653 animiau·

159 3691 229 3746 tem
247 3678 461 3750 exercitando
480 3680 644 3757 levantur.
670 3709 747 3754 nam
768 3708 858 3782 quos
876 3688 922 3761 ait
937 3689 1122 3780 Caecilius,

158 3807 291 3853 comicos
294 3783 409 3881 stultos
412 3786 527 3876 senes
541 3788 604 3862 hos
618 3788 640 3859 s
630 3789 798 3884 gnificat
792 3797 965 3883 redulor,
979 3797 1122 3873 oblivio·

157 3889 212 3961 s0⁵
224 3942 234 3977 ι
246 3889 443 3966 diffOlutos
467 3924 552 3994 quae
572 3900 653 3975 vitia
672 3902 747 3983 sunt
768 3934 837 3981 non
857 3909 1052 3997 senedutis,
1070 3905 1121 3980 sed

157 3994 271 4071 inertis
279 3999 712 4097 ,ignavae,sornniculos1e
728 4016 910 4091 senectutis
923 4038 959 4091 ut
973 4018 1121 4115 petulan-

156 4120 218 4191 ¹1³»
231 4124 268 4178 ut
279 4106 384 4182 hbtdo
391 4136 518 4211 magu
531 4115 628 4191 esta
614 4124 861 4219 olescenuum,
873 4153 974 4226 quam
989 4126 1121 4219 senum,
