2340 4628
159 661 209 738 9²
317 636 496 713 'DE
542 637 898 753 ottutctts
1002 638 1009 647 '

159 788 513 898 accepimua,)quibus
525 797 751 898 praecipiunt
760 821 797 875 ut
809 798 964 874 oratione
973 792 1121 920 benigna

158 908 380 983 multitudinis
395 911 526 985 animos
540 910 582 983 ad
595 911 863 985 benevolentiam
877 909 1044 997 alliciant,
1052 907 1120 979 mi-

156 1011 297 1113 litesque
322 1017 440 1092 blande
462 1016 659 1116 appellando
677 1016 854 1091 deleniant.
882 1019 984 1112 Quae
1007 1034 1119 1089 Μ

157 1120 194 1195 in
214 1123 425 1200 multitudine
442 1150 518 1200 cunt
536 1124 751 1200 contentione
768 1124 908 1199 babetur
923 1120 1060 1208 oratio,
1079 1143 1120 1197 ee

157 1227 252 1328 saepe
272 1231 458 1307 universam
479 1233 611 1307 excitat
627 1236 750 1331 Magna
767 1231 813 1304 ell
833 1233 924 1305 enim
941 1228 1120 1305 namium

157 1341 295 1437 copiose
314 1341 543 1441 sapienterque
563 1343 724 1418 dicentis:
754 1367 854 1441 quem
876 1368 936 1443 qur
924 1338 1120 1429 audiunt,

157 1442 348 1549 intelligere
360 1451 480 1541 etiam,
493 1471 526 1524 et
542 1453 668 1550 sapere
673 1452 763 1548 plus,
779 1476 882 1551 quam
901 1467 1057 1536 ceteros,
1065 1470 1119 1519 ar·

158 1558 333 1633 bitrantur
349 1561 382 1631 Si
397 1583 481 1631 vero
498 1559 606 1632 inest'
597 1587 632 1632 ιιι
651 1560 806 1635 oratione
825 1560 918 1635 mista
939 1556 1119 1633 modestiae

160 1669 326 1767 grauitas,
339 1668 385 1740 nil
399 1669 621 1744 admirabilius
638 1668 715 1743 lieri
736 1670 985 1769 potesl3eoque
1002 1666 1122 1766 magis,

112 1791 146 1849 ⁴⁹
161 1776 187 1853 fi
201 1803 238 1851 ea
251 1776 322 1851 sunt
335 1779 371 1850 in
385 1779 602 1855 adolescente.
620 1782 702 1871 Sed,
716 1806 794 1854 cum
810 1780 873 1855 sint
884 1779 1031 1877 plurima
1043 1800 1120 1851 catt-

160 1885 267 1960 sarum
289 1912 425 1987 genera,
438 1915 523 1988 quae
543 1889 768 1990 eloquentiam
790 1885 1121 1981 desiderant,multi·

160 1995 281 2093 quein
304 1994 416 2070 nollra
435 1996 604 2093 republica
624 1995 850 2070 adolescentes
872 2014 906 2070 et
927 1997 1017 2095 apud
1034 1995 1121 2071 iudi·

162 2131 238 2198 ces,
250 2127 284 2183 et
300 2109 389 2207 apud
404 2109 551 2182 senatum
571 2107 714 2183 dicendo
733 2108 864 2182 laudem
882 2106 1016 2185 aflectui
1036 2108 1124 2195 butt

162 2217 305 2290 maxima
322 2220 497 2293 admiratio
512 2218 559 2293 esl
572 2219 606 2293 in
624 2219 779 2294 iudiciis:
795 2242 939 2318 quorum
956 2219 1046 2293 tatio
1058 2221 1122 2294 du·
1140 2280 1146 2293 .

162 2330 240 2424 plex
259 2329 315 2404 ell.
341 2356 417 2405 nam
434 2358 475 2407 ex
488 2330 693 2408 accusatione
711 2348 745 2405 et
763 2329 958 2413 ⁵desensrone
971 2328 1122 2416 conllat3

162 2424 304 2536 qtiarum
327 2440 386 2515 etfi
409 2442 604 2517 laudabilior
624 2437 672 2513 esl
696 2437 868 2530 defenso,
888 2452 1000 2512 tamen
1021 2439 1122 2512 etiam

163 2549 327 2623 accusatio
342 2554 480 2650 probata
504 2550 656 2648 persaepe
672 2548 729 2623 est.
755 2548 838 2622 Dixi
862 2546 962 2645 paulo
980 2563 1056 2619 ante
1080 2545 1125 2618 de

165 2661 293 2732 Crasse.
314 2663 404 2738 idem
432 2662 511 2734 fecit
538 2661 729 2735 adolescens
757 2664 803 2733 Μ.
823 2658 1000 2733 Antonius.
1023 2656 1124 2733 etiam

159 2757 204 2839 P.
224 2768 363 2865 Sulpicii
387 2772 608 2868 eloquentiam
635 2770 800 2861 accusatio
826 2767 1021 2860 illustravit,
1044 2790 1122 2842 cunt

163 2877 352 2953 seditiosum
374 2895 408 2950 et
426 2877 575 2951 inutilem
593 2878 722 2967 civem,
735 2879 777 2952 C.
791 2879 1007 2964 Norbanum,
1018 2876 1055 2949 in
1068 2876 1124 2948 iu·

118 2987 291 3066 iodicium
312 2989 461 3063 vocavit.
481 2990 545 3061 Sed
561 2988 628 3061 hoc
647 2988 782 3086 quidem
802 3015 871 3061 non
893 2987 940 3062 eli
961 2987 1055 3083 saepe
1072 2983 1123 3069 sa-

163 3103 335 3192 ciendum‚
351 3126 413 3175 nec
430 3126 606 3199 unquam,
620 3098 678 3173 nisi
701 3124 759 3175 aut
781 3098 980 3199 reipublicae
1002 3096 1124 3187 causa,

165 3238 202 3290 ut
215 3214 237 3286 ii
246 3238 356 3314 ,quos
369 3236 443 3288 ante
461 3213 549 3300 dixit
562 3231 618 3287 aut
630 3213 825 3301 ulciscendi
842 3232 878 3287 ut
891 3214 961 3285 duo
976 3208 1124 3294 Luculli;

164 3341 219 3393 aut
239 3321 448 3418 patrocinio,
463 3339 501 3395 ut
521 3344 583 3395 noc
605 3345 670 3419 pro
684 3319 821 3431 Siculip,
835 3346 898 3417 pro
916 3318 1044 3392 Sardis·
1034 3340 1124 3413 ,pro

165 3432 215 3501 Μ.
238 3430 378 3505 Albucio
397 3431 537 3507 lulius.
528 3458 563 3505 tn
585 3432 768 3506 accusando
783 3432 884 3505 etiam
903 3428 959 3503 Μ.
984 3426 1125 3525 Aquilio
1157 3478 1159 3482 -

164 3538 202 3607 t.
225 3538 310 3611 Fusii
323 3543 454 3638 cognita
472 3539 627 3617 induslria
646 3542 704 3615 esi.
726 3541 858 3616 Semel
850 3541 970 3639 igitur,
981 3554 1037 3611 aut
1053 3560 1124 3609 non

163 3642 258 3739 saepe
279 3667 381 3719 certe.
398 3645 447 3718 sm
466 3648 550 3735 erit,
565 3674 619 3723 cur
608 3648 825 3729 faciendum
848 3648 886 3721 fit
899 3646 1045 3742 saeptus,
1055 3669 1123 3718 rer

165 3754 314 3853 publicae
327 3755 448 3830 tribuat
461 3758 527 3831 hoc
547 3760 712 3846 muneris,
726 3760 824 3835 cuius
840 3757 995 3834 inimicos
1010 3753 1125 3829 ulcisci

164 3860 315 3959 titepiun,
327 3888 395 3939 non
409 3863 455 3938 ell
469 3868 928 3964 reprehendendum'modus.
939 3884 1052 3940 tamen
1065 3864 1126 3938 ad-

164 3969 212 4045 bt.
229 3970 302 4045 duri
323 3970 412 4044 enim
430 3972 597 4066 bominis,
615 3977 671 4051 vel
695 3976 807 4074 potius
825 3975 883 4048 vix
906 3974 1054 4047 bominis
1069 3973 1124 4047 vi·

165 4079 279 4182 detur,
297 4082 481 4183 periculum
497 4083 614 4184 capitis
634 4084 758 4162 inferre
771 4085 895 4161 mute
907 4083 944 4160 id
966 4106 1047 4161 cum
1064 4108 1127 4184 pe·
