2340 4628
360 610 363 615 .
892 583 901 620 r

176 697 256 770 na
293 681 601 770 uurcrrru'.
661 650 674 789 J
722 683 726 689 ’
770 708 885 820 ,245
946 754 949 759 .

68 859 251 959 spraetore
260 884 330 947 me,
344 859 576 958 quinquennio
585 877 788 959 ante‚quam
798 884 883 936 con·
906 898 908 903 ·

68 971 179 1044 fusius.
198 971 308 1069 itaque
321 996 356 1044 re
371 971 494 1068 magis,
508 994 609 1069 quam
628 972 753 1046 summa
766 975 883 1048 atttso·

68 1077 145 1150 ausa
155 1078 210 1150 issa
223 1078 355 1151 defensa
368 1077 424 1152 ess.
440 1078 546 1173 Quod
559 1077 583 1151 sr
596 1080 632 1152 in
647 1081 760 1169 scena,
772 1083 806 1155 iti
816 1081 883 1176 est,
904 1083 949 1155 26

68 1212 160 1274 one,
177 1188 212 1260 in
230 1180 296 1286 qua
317 1186 416 1260 rebus
440 1185 525 1261 sistis
543 1203 578 1260 et
596 1189 796 1266 adumbratis
809 1192 879 1268 loci
902 1219 935 1270 97

71 1326 103 1372 m
120 1298 184 1384 est,
198 1316 308 1373 tamen
320 1323 438 1373 verum
452 1298 557 1389 valet,
568 1297 586 1399 (
596 1297 619 1370 fi
629 1301 734 1375 modo
746 1302 780 1376 id
794 1322 888 1402 pate·

68 1429 88 1483 t
100 1409 291 1484 illustratum
306 1409 353 1483 est
363 1413 394 1503 ;)
407 1406 488 1508 quid
503 1406 538 1482 in
549 1407 693 1485 amicitia
705 1409 777 1486 fieri
788 1438 889 1511 opor·

68 1545 90 1594 ,e
109 1539 179 1594 tota
194 1522 335 1593 veritate
352 1519 594 1619 perpenditur?
615 1521 651 1593 in
668 1546 734 1619 qua
752 1521 810 1594 nifi
825 1525 890 1618 (ut

68 1650 239 1729 >apertum
260 1632 371 1726 pestus
386 1629 699 1730 videas,tuumque
714 1630 890 1735 ostendat,
1003 1628 1008 1637 ’
1050 1624 1055 1631 “

68 1767 149 1830 um,
164 1736 248 1812 nihil
264 1739 470 1836 exploratum
484 1738 624 1828 habeam
637 1760 678 1815 ne
693 1766 803 1817 amare
815 1743 891 1845 qui·
996 1772 999 1777 ·

68 1874 98 1925 ut
118 1849 239 1936 amari3
262 1872 336 1920 cum
356 1846 409 1936 id,
429 1873 530 1957 quam
546 1864 629 1924 vete
648 1847 726 1936 fiat,
745 1852 892 1953 ignores.

68 1991 141 2039 uam
165 1961 224 2036 ista
246 1959 433 2048 assentatio,
451 1952 610 2058 quamvis'
626 1965 811 2060 perniciosa
831 1965 891 2056 fit,

68 2094 179 2148 tamen
195 2070 318 2144 nemini
334 2068 456 2168 potest,
470 2069 529 2143 nisu
542 2071 657 2171 ti,qui
672 2098 746 2146 eam
756 2074 893 2173 recipit,

68 2183 282 2257 adelesiatur.
299 2182 342 2251 ita
360 2176 417 2266 fit,
430 2198 467 2251 ut
487 2181 514 2252 is
532 2180 781 2258 assentatoribus
800 2203 894 2282 pate·

68 2318 137 2369 ures
152 2294 221 2366 suas
242 2291 405 2376 maxime,
420 2291 479 2389 qui
495 2291 564 2387 ipse
577 2291 636 2363 srbi
650 2292 847 2384 assentetur,
862 2318 896 2370 et

68 2431 126 2478 >me
141 2404 209 2503 ipse
224 2402 374 2475 delesset.
394 2399 548 2471 Omnino
563 2399 609 2472 est
623 2427 735 2474 amans
756 2402 803 2475 sui
823 2406 895 2478 vir·
912 2423 946 2494 98

68 2517 133 2588 ima
143 2515 230 2588 enim
242 2514 273 2588 se
288 2512 355 2609 ipsa
375 2510 492 2594 novit,
507 2533 672 2607 quamque
685 2510 831 2586 amabilis
841 2514 897 2609 fit,

68 2630 98 2702 it.
110 2652 176 2726 ego
193 2645 300 2698 autem
315 2648 384 2695 non
398 2623 439 2695 de
453 2623 574 2694 virtute
586 2645 674 2694 nunc
686 2622 828 2720 loquor,
842 2623 899 2700 sed

68 2738 122 2810 rtis
132 2737 307 2834 opinione.
321 2734 446 2807 virtute
460 2729 548 2833 enim
560 2729 629 2826 ipsa
644 2754 790 2804 nontam
803 2735 900 2810 multi

68 2847 163 2935 iesse,
177 2873 276 2945 quam
291 2845 397 2920 videri
410 2844 540 2918 volunt.
562 2842 635 2917 Hos
649 2842 785 2919 deletur
795 2845 901 2947 assen-

68 2959 107 3031 tis
126 2954 220 3029 sistus
243 2957 285 3028 ad
304 2956 449 3053 ipsorum
463 2954 671 3030 voluntatem
693 2955 802 3029 sermo
823 2983 900 3031 curn

70 3096 136 3158 ur,
165 3067 351 3139 orationem
383 3067 473 3140 illam
500 3091 643 3155 vanam,
674 3065 901 3141 testimonium

68 3179 164 3250 ndum
194 3170 325 3248 suatum
353 3194 476 3272 putant.
512 3177 602 3249 nulla
628 3173 676 3247 est
701 3174 801 3272 igitur
820 3175 904 3248 ha'ec

68 3314 103 3379 a,
117 3315 194 3360 cum
214 3289 293 3358 alter
308 3312 423 3359 verum
443 3288 556 3359 audire
571 3310 642 3358 non
657 3282 730 3355 vult
743 3331 755 3372 ,
768 3285 847 3359 aster
861 3284 904 3358 ad

68 3399 170 3469 ndum
195 3414 323 3493 paratus
342 3394 396 3465 est.
424 3396 497 3466 Nec
521 3392 738 3491 parasitorum
761 3392 796 3465 in
810 3418 907 3466 com·

68 3533 83 3582 s
100 3507 270 3580 assentatio
292 3506 388 3577 nobis
408 3503 513 3579 faceta
527 3504 717 3593 videretur,
734 3502 793 3576 nist
806 3503 909 3579 essent

81 3614 227 3714 glorios.

68 3729 187 3825 sagnas
198 3752 265 3796 vero
277 3751 361 3821 agere
372 3723 495 3819 gratias
513 3719 611 3817 Thais
629 3720 740 3793 miti?
775 3728 779 3734 “

68 3858 121 3911 rat
149 3835 369 3933 respondere,
397 3859 532 3928 magnas
560 3854 573 3900 .·
609 3833 767 3928 ingentes,
793 3829 912 3932 inquit.

68 3971 189 4051 'auget
211 3950 386 4025 assentator
404 3950 459 4037 id,
481 3946 573 4046 quod
595 3945 644 4036 it,
667 3946 759 4021 cuius
783 3948 825 4020 ad
846 3972 911 4041 uo·

70 4091 102 4138 m
128 4062 268 4151 dicitur,
286 4064 360 4135 vult
383 4056 447 4136 esse
462 4084 629 4158 magnum.
654 4055 909 4152 Quamobrem,
926 4078 961 4132 9ο

68 4176 101 4251 'is
114 4175 233 4249 blanda
245 4173 303 4247 ista
324 4173 450 4250 vanitas
468 4168 556 4268 apud
568 4192 627 4243 eos
646 4166 766 4258 valeat,
777 4163 835 4264 qui
850 4163 910 4261 ipfi

531 4268 720 4393 ‘0²
