2340 4628
128 678 196 755 „2
382 644 867 725 runcueutn

125 820 213 891 Nam
227 838 304 887 cum
318 809 533 887 conllituillct
547 808 644 883 Deus
662 806 762 879 bonis
773 808 941 885 omnibus
960 806 1075 905 explete

126 928 310 1011 mundum,
329 924 406 997 mali
421 922 501 993 nihil
515 916 716 1005 admiscere,
737 918 856 1015 quoad
872 940 988 993 mtura
999 940 1076 1017 pm·

126 1058 239 1119 retur;
258 1032 422 1131 quidquid
435 1051 504 1103 erat
517 1028 639 1126 ,quod
656 1028 693 1099 in
710 1028 875 1101 cernendi
899 1028 1078 1103 senuimu-

127 1144 242 1231 deret‚
262 1144 296 1217 id
311 1142 368 1215 libi
382 1139 543 1221 allumlit,
556 1162 626 1209 non
640 1138 857 1235 tranquillum
871 1138 1080 1237 etquiemm,

128 1252 183 1327 sed
194 1252 409 1325 immoderate
421 1268 575 1347 agitatum
588 1268 622 1319 et
636 1244 810 1331 luamus·
840 1246 1113 1361 idqueexinot

128 1363 270 1435 dinato
262 1388 295 1435 ui
316 1360 467 1435 ordinem
480 1358 625 1431 adduxit.
643 1358 709 1430 loc
727 1356 819 1429 enim
841 1356 1010 1435 iudicabat
1027 1324 1113 1429 elle

131 1472 352 1573 praestantius
376 1472 435 1541 Fas
454 1490 562 1541 etitem
581 1494 644 1542 nec
663 1467 734 1555 est,
753 1494 818 1543 nec
841 1494 995 1567 unquam
1011 1444 1114 1595 suin}

130 1584 312 1703 quidquam
333 1578 390 1650 nili
409 1578 668 1701 pulcherrimum
687 1576 793 1651 facere
810 1604 918 1669 eum,
939 1604 1000 1679 qui
988 1550 1114 1671 'iedet

130 1692 287 1785 optimus.
311 1689 399 1759 Cum
418 1688 581 1761 rationem
599 1688 697 1785 igitur
717 1686 900 1775 habuillet,
914 1688 1078 1787 reperiebat

131 1801 212 1875 nihil
225 1802 290 1873 elle
303 1824 418 1873 eorum
427 1854 439 1889 ,
449 1824 535 1898 quae
547 1819 661 1873 natura
675 1822 893 1877 cernerentur
902 1856 915 1889 ,
924 1828 994 1875 non
1005 1798 1078 1873 intel

129 1910 260 2009 ligent,
278 1908 501 2009 intelligente,
513 1909 547 1981 in
561 1928 636 1982 toto
649 1934 790 2007 genere,
801 1908 1079 2007 praellanrimin·
1112 1934 1114 1997 ;

129 2023 342 2123 telligenriarn
356 2046 465 2095 autem
477 2023 535 2097 ulli
548 2021 595 2095 rei
606 2024 790 2097 adiundlam
799 2024 891 2115 elle,
903 2024 973 2097 fine
984 2024 1078 2097 enirm

130 2136 222 2209 nefus
234 2136 307 2209 elle.
321 2135 490 2229 Quocirca
504 2134 744 2233 intelligentiam
756 2137 790 2207 in
805 2136 938 2223 animo,
948 2136 1077 2207 animum

130 2246 288 2323 conclusit
301 2247 334 2317 iu
348 2271 500 2342 corpore.
523 2248 575 2317 Sic
587 2270 673 2317 ratus
687 2246 731 2317 ell
744 2270 832 2342 opus
847 2247 931 2321 illud
943 2244 1076 2320 effedum

130 2358 196 2429 ess'e
210 2357 480 2455 pulcherrimum.
506 2360 615 2448 Quam
634 2356 680 2426 ob
698 2356 826 2427 causum
848 2380 919 2428 non
936 2356 983 2431 est
995 2377 1077 2429 cunc·

130 2470 266 2543 tandum
283 2465 452 2563 profiteri,
467 2464 490 2535 fi
506 2465 609 2536 modo
623 2464 808 2561 investigari
823 2467 950 2563 aliquid
965 2465 1078 2539 coniec-

131 2598 204 2653 tura
227 2576 352 2673 potest,
372 2577 458 2650 hunc
483 2576 643 2645 mundum
675 2576 795 2644 animal
818 2576 909 2660 eise,
926 2578 1022 2675 idque
1038 2576 1078 2645 iu·

90 2692 304 2785 melligeris,
329 2710 362 2757 ιι
386 2686 499 2757 divina
522 2685 734 2779 providentia
752 2684 984 2761 constiturum.
1015 2686 1078 2757 llot

128 2796 258 2889 polum
281 2796 373 2887 quod
389 2794 553 2889 sequitur,
566 2792 747 2866 videndum
760 2793 831 2875 est,
847 2796 1017 2869 cuiusnam
1026 2790 1077 2865 ani·

126 2906 286 2975 maurium
303 2900 395 2971 Deus
408 2900 441 2969 in
458 2898 591 2995 figendo
606 2901 734 2971 mundo
748 2899 1077 2979 finilitudinenseru

125 3032 178 3085 tus
192 3010 237 3083 lit.
264 3009 394 3081 Nullius
406 3009 581 3103 moselle,
599 3033 716 3081 eorum
737 3012 900 3109 quidem,
922 3041 1005 3112 quae
1020 3012 1077 3084 surr

127 3124 226 3197 nobis
244 3142 321 3193 nota
335 3118 520 3191 animantia.
543 3116 617 3191 lum
634 3119 722 3191 enirn
743 3120 858 3194 omnia
876 3124 912 3194 in
932 3126 1075 3223 quaedem

127 3256 246 3331 genera
263 3232 396 3326 partita,
412 3248 466 3302 aut
480 3229 656 3315 inchoata,
673 3230 761 3302 nulla
772 3255 815 3302 ex
830 3253 925 3326 parte
937 3233 1076 3331 persedit

127 3340 326 3431 irupurfello
351 3364 460 3412 autem
492 3365 553 3411 nec
579 3340 732 3411 abloluto
759 3339 890 3431 simile,
915 3346 1076 3441 pulchrum

125 3452 190 3523 elli·
214 3454 292 3522 niul
312 3448 425 3547 potest.
441 3449 535 3523 cuius
550 3473 631 3545 ergo
644 3474 746 3522 omne
757 3450 879 3523 animal
891 3454 985 3551 quali
999 3449 1078 3551 parti·

125 3562 197 3632 cula
210 3562 368 3653 qttuudtm
384 3558 444 3643 est,
456 3559 524 3631 stve
540 3559 574 3629 in
594 3558 734 3656 fingulis,
748 3561 817 3632 sive
831 3561 867 3633 in
884 3564 1019 3635 diverso
1030 3584 1077 3661 ge·

128 3688 205 3733 nere
228 3690 403 3751 cernatur,
420 3670 490 3739 eius
510 3668 647 3739 lirnilem
668 3670 829 3740 mundum
850 3674 918 3745 elle
933 3678 1077 3747 dicamus

125 3772 254 3839 (liunus
278 3774 396 3859 igitur,
410 3776 468 3871 qui
483 3776 595 3847 animo
609 3798 810 3862 cernuntur,
829 3799 864 3851 et
886 3784 1019 3855 ratione
1034 3780 1079 3849 in·

125 3875 213 3947 tul
185 3898 316 3969 ¹quruur
337 3882 400 3949 ann
394 3910 517 3955 inaures
528 3887 735 3981 ,complexu
758 3890 898 3961 rationis
916 3914 951 3962 et
970 3888 1077 3962 intelli·

124 3984 277 4105 genuae,
297 3985 377 4059 licut
397 3994 548 4066 homines
572 3994 808 4077 boemundo
818 4017 852 4069 et
879 4003 1041 4094 pecudes,
1050 4016 1078 4069 et

125 4092 238 4169 omnia
250 4120 358 4191 ,quae
372 4098 430 4171 sub
443 4102 629 4197 adspedlum
645 4105 785 4189 cudunt,
802 4112 1077 4207 comprehendar
