2340 4628
64 39 1164 325 u

168 709 213 776 ¹4
360 684 499 783 ‚DE
548 682 900 757 oattctts

164 844 309 933 obstllit,
332 843 357 916 li
376 847 508 944 potest,
523 830 678 935 iniuriae,
691 847 757 919 tam
782 843 832 918 est
844 848 880 918 in
900 842 1005 931 vitio,
1019 832 1120 942 quam

53 1006 57 1014 ·
116 955 188 1027 2ιῖι
210 974 381 1051 parentes,
396 974 452 1030 aut
472 955 634 1053 patriam,
650 973 706 1028 aut
725 953 834 1027 socios
850 951 985 1026 deserat.
1006 959 1120 1053 Atque

162 1065 236 1137 illae
257 1064 393 1162 quidem
404 1066 563 1155 iniuriae3
579 1089 665 1163 quae
684 1064 826 1147 nocendi
846 1063 940 1137 causa
954 1063 995 1135 de
1018 1063 1122 1136 indu·

161 1169 237 1244 tlria
259 1172 465 1266 inseruntur,
487 1173 721 1270 saepeapmetu
755 1172 1029 1273 proficiscuntur3
1043 1197 1121 1246 curn

154 1279 209 1370 is,
222 1282 279 1379 qui
293 1306 417 1355 nocere
439 1282 532 1355 alteri
547 1280 696 1380 cogitat,
716 1283 835 1369 timet,
852 1307 893 1356 ne
903 1335 915 1373 ,
929 1282 988 1379 nisr
1011 1282 1047 1354 id
1067 1280 1121 1353 se-

159 1387 258 1478 cerit,
271 1388 339 1487 ipse
363 1390 475 1490 aliquo
499 1389 662 1463 afficiatur
681 1391 921 1466 incommodo.¹
936 1391 1120 1464 Maximam
1151 1480 1155 1490 Ι

121 1523 124 1528 ’
159 1516 268 1572 autem
287 1517 415 1596 partem
436 1499 477 1572 ad
495 1499 649 1570 iniuriam
664 1497 849 1572 faciendam
862 1501 1121 1599 aggrediuntur,

160 1628 197 1680 ut
213 1609 431 1704 adipiscantur
443 1632 507 1698 ea,
525 1630 610 1704 quae
625 1609 908 1705 concupiverunt3
925 1609 960 1680 in
976 1610 1049 1706 qud
1063 1607 1125 1680 vi·'

80 1804 85 1813 p
119 1721 140 1794 8
159 1718 210 1790 tio
222 1719 373 1791 latitlrme
395 1737 484 1816 patet
503 1718 651 1792 avaritia.
670 1725 879 1818 Expetuntur
895 1739 1006 1795 autem
1031 1718 1121 1792 divi·

158 1825 221 1926 tiae
235 1852 313 1899 cunr
329 1827 371 1900 ad
383 1827 460 1900 usus
473 1827 562 1900 vitae
576 1827 789 1918 necessarios,
809 1850 880 1903 tum
894 1832 935 1904 ad
949 1827 1122 1927 perfruen-

109 1959 138 2010 25
159 1933 215 2009 das
237 1937 436 2035 voluptates.
451 1937 623 2043 inquibus
643 1958 754 2012 autem
776 1941 883 2013 nidor
902 1939 1121 2028 cll-animus,

156 2045 191 2115 in
210 2042 250 2115 iis
266 2043 422 2139 pecuniae
445 2043 607 2141 cupiditas
624 2046 746 2144 {pellat
762 2048 924 2146 ad⁴opes‚
939 2068 973 2121 et
993 2049 1034 2120 ad
1047 2072 1121 2147 gra·

60 2184 65 2197 ·
147 2149 303 2224 tilicandi
327 2151 540 2240 facultatem
565 2173 603 2227 ut
619 2182 725 2254 nuper
740 2161 788 2231 M.
808 2158 940 2232 Cratlus
962 2160 1119 2256 negabat,

156 2260 256 2333 ullam
269 2259 341 2334 satis
360 2286 515 2360 magnam
529 2265 706 2359 pecuniam
721 2266 786 2339 else
799 2269 854 2354 ei,
871 2268 930 2364 qui
943 2254 979 2338 in
994 2268 1120 2362 repub-

156 2370 222 2443 lica
239 2369 394 2469 princeps
415 2372 516 2444 vellet
534 2372 618 2462 else,
633 2375 725 2447 cuius
750 2374 910 2489 frutp'bus
931 2374 1118 2446 'exercitum

156 2481 244 2555 alere
262 2505 334 2552 non
354 2479 470 2579 pollet.
495 2483 671 2557 Deleuant
693 2484 794 2558 etiam
821 2482 990 2581 magnifici
1016 2506 1122 2578 appa·

156 2616 267 2681 tatus,
288 2592 443 2689 vitaeque
465 2593 573 2666 cultus
592 2618 668 2667 cum
686 2593 844 2691 elegantia
858 2615 891 2664 et
905 2592 1024 2688 copia;
1040 2594 1120 2689 qui·

155 2700 218 2772 bus
234 2700 333 2772 rebus
353 2699 506 2774 effectum
525 2699 591 2789 est,
604 2718 642 2772 ut
662 2700 790 2774 infinita
811 2700 969 2797 pecuniae
989 2699 1122 2796 cupidi·

155 2827 204 2881 tas
222 2808 310 2881 esset,
335 2811 411 2882 Nec
428 2833 515 2881 vero
538 2808 587 2880 rei
608 2807 776 2881 familiaris
802 2804 1042 2904 amplificatio,
1057 2833 1120 2880 ne·

155 2917 239 2990 mini
252 2940 400 3005 nocens,
412 2913 631 3012 vituperanda
645 2941 655 2989 a
670 2915 726 2990 sed
749 2915 906 3014 fugienda
921 2915 1050 3012 semper
1063 2914 1120 2985 in·

108 3054 139 3101 26
155 3026 239 3101 iuria
247 3024 302 3098 est.
320 3020 591 3100 Maxime'autem
610 3027 819 3112 adducuntur
830 3027 996 3125 plerique,
1008 3046 1045 3131 ut
1060 3049 1121 3098 eos

156 3137 296 3212 iustitiae
320 3137 428 3234 capiat
448 3136 604 3226 oblivio,
617 3162 695 3210 cunt
726 3138 761 3209 in
783 3139 1028 3235 imperiorum,
1050 3137 1118 3210 ho·

156 3272 300 3333 norum,
315 3246 439 3344 gloriae
452 3246 668 3344 cupiditatem
681 3244 881 3319 incidemnt.
901 3247 1008 3341 Quod
1026 3246 1121 3332 enim

155 3357 202 3431 est
227 3359 315 3455 apud
338 3357 511 3445 Ennium,
808 3373 810 3383 ·

204 3473 304 3540 Nulla
320 3468 437 3561 scanc‘la
449 3470 609 3561 socistas,
623 3493 678 3537 nec
689 3467 772 3557 fides
790 3469 875 3562 regni
893 3467 957 3567 cst:

155 3575 192 3648 id
209 3574 305 3648 latius
321 3592 422 3671 patet.
443 3599 519 3647 nana
531 3627 543 3664 ,
555 3561 717 3673 quidquid
741 3577 907 3650 eiusmodi
922 3574 985 3663 est,
996 3574 1031 3647 in
1046 3600 1118 3674 quo

57 3691 60 3701 '
155 3708 227 3756 non
250 3683 374 3782 poffint
401 3683 511 3781 plures
532 3685 716 3772 excellere,
738 3685 773 3756 in
793 3709 835 3757 eo
860 3680 898 3755 fit
919 3685 1120 3784 plerumque

155 3813 246 3867 tanta
260 3793 452 3883 contentio,
465 3810 502 3865 ut
519 3794 751 3867 difficillimum
763 3792 819 3903 ut,
831 3792 973 3867 sanctam
986 3791 1131 3873 servare·

156 3903 360 3976 societatem.
384 3899 580 3975 Declaravit
596 3904 633 3976 id
648 3904 756 3976 modo
775 3900 944 3975 temeritas
968 3903 1009 3976 C.
1028 3904 1120 3976 Cae·

156 4012 255 4104 saris,
268 4009 328 4111 qui
349 4006 464 4083 omnia
477 4006 551 4080 iura
572 4008 690 4083 divina
706 4028 804 4107 atque
824 4009 966 4081 humana
979 4033 1121 4107 perver-

157 4120 221 4211 tit,
237 4139 379 4219 propter
393 4140 474 4193 eunt
487 4169 499 4209 ,
512 4142 614 4216 quem
639 4117 702 4193 tbi
720 4117 789 4216 ipse
808 4116 980 4216 opinionis
1001 4141 1119 4192 errore

525 4252 540 4290 Ι
