2340 4628
174 629 243 705 208
480 629 808 711 LAELsUS

172 812 288 882 acute,
309 790 507 865 serebantur.
530 808 706 886 propterea
729 786 820 888 quast
848 810 1049 887 cognomen·
1068 788 1130 863 ian

172 905 314 979 habebar
336 905 372 975 in
395 903 557 977 senectute
578 900 737 999 sapientis.
765 921 799 975 te
819 918 931 973 autem
953 900 1023 975 alio
1045 926 1131 999 quo·
1153 912 1156 919 '

171 1014 251 1086 dam
274 1016 481 1102 modo‚non
499 1012 608 1087 solum
632 1034 748 1083 natura
761 1033 796 1085 et
822 1011 992 1101 moribus,
1013 1034 1130 1085 verum
1164 1006 1166 1025 ²

103 1130 115 1153 ⁵
171 1123 271 1196 etiam
290 1122 401 1195 studio
421 1143 455 1195 et
477 1121 626 1194 doslrioa
645 1117 711 1192 esse
738 1119 939 1216 sapientem
967 1144 1032 1193 nec
1053 1116 1130 1191 sicut

173 1232 309 1328 vulgus,
331 1230 386 1303 sed
413 1247 450 1302 ut
472 1227 590 1303 eruditi
618 1224 720 1297 solent
745 1224 911 1322 appellare
932 1226 1129 1323 sapientem,
1163 1278 1166 1289 .

171 1340 305 1438 qualem
318 1339 355 1411 in
372 1361 444 1411 tora
467 1337 608 1413 Graecia
625 1336 814 1410 meminem.
835 1359 915 1407 nam
938 1336 998 1435 qui
1011 1336 1127 1432 septem

172 1452 401 1548 appellantur,
414 1475 491 1536 eos,
512 1449 572 1546 qui
584 1447 642 1520 ista
657 1446 803 1519 subtilius
816 1465 980 1542 quaerunt
993 1500 1005 1533 ,
1019 1448 1054 1519 in
1067 1472 1127 1519 nu·

139 1583 269 1643 'mero
291 1558 484 1654 sapientium
505 1579 575 1627 non
591 1554 724 1627 habent.
745 1553 883 1626 Athenis
905 1579 1011 1629 unum
1037 1578 1129 1629 acce·

173 1669 298 1765 pimus,
311 1689 346 1739 et
366 1693 442 1740 eum
465 1668 600 1764 quidem
618 1667 718 1741 etiam
744 1666 910 1763 Apollinis
931 1668 1068 1741 oraculo
1087 1666 1128 1739 sa·

173 1777 408 1876 pientissimum
422 1779 612 1851 iudicatum.
636 1778 720 1851 hanc
740 1776 806 1851 effe
827 1776 862 1849 in
885 1797 920 1851 te
942 1777 1126 1874 sapientiam

174 1884 379 1975 existimant,
392 1905 429 1959 ut
447 1888 560 1960 omnia
578 1910 635 1959 rua
655 1887 690 1959 in
707 1910 740 1961 te
756 1886 862 1984 posita
884 1888 1008 1977 ducas,
1019 1888 1128 1961 huma·

173 2022 304 2095 nosque
322 1997 412 2071 casus
427 1998 551 2072 virtute
567 1996 741 2071 inferiores
755 2019 863 2094 putes.
887 1997 1000 2095 itaque
1017 2025 1060 2072 ex
1076 2021 1124 2070 me

172 2124 348 2205 quaerunt,
362 2108 463 2180 credo
474 2107 555 2178 item
567 2132 609 2179 ex
622 2130 669 2196 re,
680 2106 853 2195 Scaevola,
871 2133 1021 2206 quonam
1036 2110 1124 2207 patto

175 2235 318 2288 mortem
333 2215 484 2289 Africani
506 2217 610 2302 seras;
622 2242 730 2313 eoque
745 2217 870 2315 magis,
883 2220 978 2315 quod
990 2219 1125 2316 hispro·

175 2324 272 2397 ximis
292 2325 423 2413 Nouia,
437 2350 513 2397 cum
528 2326 562 2396 in
579 2327 695 2399 hortos
710 2328 757 2399 D.
775 2327 866 2398 Bruti
878 2330 1026 2427 auguris,
1039 2356 1125 2404 com·

175 2434 343 2506 mentandi
369 2434 461 2507 causa
473 2489 485 2522 ,
499 2453 536 2506 ut
559 2434 692 2525 assolet,
712 2435 931 2527 venissemus,
945 2458 983 2512 tu
1001 2466 1069 2513 non
1082 2437 1126 2511 as·

177 2541 284 2628 suisti,
297 2545 355 2640 qui
373 2541 609 2640 diligentissime
628 2545 756 2640 semper
774 2545 867 2618 illum
881 2548 972 2621 diem
985 2603 998 2640 ,
1011 2570 1045 2624 et
1056 2548 1125 2623 illud

143 2680 159 2731 t
178 2675 297 2723 munus
321 2652 433 2723 solitus
454 2651 535 2724 esses
552 2652 657 2725 obire.
679 2661 839 2727 Scaevobae.
867 2660 1044 2751 Quaerunt
1062 2660 1127 2756 qui·

178 2760 273 2845 dem,
286 2761 327 2832 C.
340 2760 443 2846 Laeli,
462 2760 576 2847 multi,
595 2785 630 2832 ut
650 2761 696 2834 est
718 2765 882 2838 aFannio
902 2768 1054 2843 dissum:
1078 2767 1126 2841 sed

177 2891 243 2965 ego
258 2869 293 2940 id
307 2870 510 2963 respondeo,
535 2871 626 2966 quod
642 2872 883 2962 animadverti,
903 2897 937 2950 te
957 2879 1126 2965 dolorem,

179 3002 281 3073 quem
305 2979 470 3072 acceperis
493 3004 567 3051 cum
595 2979 713 3053 summi
743 2983 827 3074 viri,
850 3005 921 3058 tum
950 2988 1127 3063 amicissimi

178 3102 305 3173 morte,
322 3084 408 3157 serre
429 3088 620 3172 moderate;
643 3116 704 3163 nec
724 3093 955 3188 potuisse'non
974 3123 1127 3171 commo·

179 3198 267 3283 veri,
282 3221 343 3268 nec
358 3195 452 3268 fuisse
466 3198 500 3269 id
513 3200 724 3273 humanitatis
740 3220 825 3275 tuae.
851 3206 946 3301 quod
958 3228 1071 3281 aurem
1084 3207 1129 3279 h'ts

179 3308 289 3383 Nonis
307 3305 473 3379 innostro
493 3308 635 3405 collegio
652 3334 721 3380 nou
736 3309 893 3400 affuisset,
907 3313 1128 3387 valetudinem

178 3419 321 3500 causam,
336 3441 405 3489 non
420 3417 615 3489 moestitiam
625 3417 730 3493 fuisse.
748 3426 884 3494 Laelius.
899 3402 1001 3498 Riese
1012 3424 1130 3523 tuqui·

178 3527 278 3611 dem,
292 3525 517 3614 Scaevola‚er
535 3551 624 3599 vere.
653 3553 716 3601 nec
737 3530 829 3601 enim
853 3530 895 3601 ab
915 3530 990 3603 isso.
1007 3532 1130 3620 officio,

177 3635 270 3729 quod
283 3636 409 3729 semper
423 3635 598 3731 usurpavi,
611 3661 687 3709 cum
700 3638 857 3722 valerem,
872 3640 994 3713 abduci
1008 3640 1130 3713 incom-

178 3741 285 3811 modo
298 3766 376 3811 meo
396 3744 516 3825 debui3
539 3770 599 3816 nec
620 3744 690 3817 ullo
708 3747 782 3818 casu
804 3747 950 3821 arbitror
969 3749 1039 3823 hoc
1052 3774 1131 3823 con·

177 3847 273 3920 stanti
296 3850 426 3923 homini
451 3854 540 3949 posse
559 3855 769 3952 contingere,
787 3874 824 3928 ut
849 3856 913 3927 ulla
939 3859 1132 3931 intermissio

145 3993 162 4043 9
179 3956 235 4029 fiat
248 3957 360 4030 officii.
383 3962 438 4031 Tu
450 3983 578 4053 aurem,
592 3965 710 4050 Fanni,
724 3965 782 4061 qui
796 3966 877 4037 mihi
892 3985 1021 4042 tantum
1034 3969 1131 4044 tribui

178 4066 278 4161 dicis,
292 4086 450 4167 quantum
468 4098 535 4173 ego
551 4100 614 4152 nec
626 4077 790 4174 agnosco,
803 4102 864 4153 uec
885 4077 1046 4177 postulo,
1059 4081 1133 4159 satit
