<?xml version="1.0" encoding="UTF-8"?>
<!DOCTYPE html PUBLIC "-//W3C//DTD XHTML 1.0 Transitional//EN"
    "http://www.w3.org/TR/xhtml1/DTD/xhtml1-transitional.dtd">
<html xmlns="http://www.w3.org/1999/xhtml" xml:lang="en" lang="en">
 <head>
  <title>
</title>
<meta http-equiv="Content-Type" content="text/html;charset=utf-8" />
  <meta name='ocr-system' content='tesseract 3.04.00' />
  <meta name='ocr-capabilities' content='ocr_page ocr_carea ocr_par ocr_line ocrx_word'/>
</head>
<body>
  <div class='ocr_page' id='page_1' title='image "./mtulliiciceroni01plutgoog_0164.png"; bbox 0 0 2340 4628; ppageno 0'>
   <div class='ocr_carea' id='block_1_1' title="bbox 231 610 1145 755">
    <p class='ocr_par' dir='ltr' id='par_1_1' title="bbox 231 610 1145 755">
     <span class='ocr_line' id='line_1_1' title="bbox 231 610 1145 755; baseline 0.007 -31"><span class='ocrx_word' id='word_1_1' title='bbox 231 706 235 713; x_wconf 95' lang='lat'>.</span> <span class='ocrx_word' id='word_1_2' title='bbox 352 610 730 729; x_wconf 76' lang='lat' dir='ltr'>‘tranunt</span> <span class='ocrx_word' id='word_1_3' title='bbox 975 676 1039 755; x_wconf 77' lang='lat' dir='ltr'>ut</span> <span class='ocrx_word' id='word_1_4' title='bbox 1141 733 1145 747; x_wconf 75' lang='grc'>,</span> 
     </span>
    </p>
   </div>
   <div class='ocr_carea' id='block_1_2' title="bbox 69 811 1166 4212">
    <p class='ocr_par' dir='ltr' id='par_1_2' title="bbox 70 811 1150 3100">
     <span class='ocr_line' id='line_1_2' title="bbox 70 811 1045 913; baseline 0.003 -25"><span class='ocrx_word' id='word_1_5' title='bbox 70 811 247 889; x_wconf 78' lang='lat' dir='ltr'>honestare</span> <span class='ocrx_word' id='word_1_6' title='bbox 267 811 456 913; x_wconf 84' lang='lat' dir='ltr'>seiungunt.</span> <span class='ocrx_word' id='word_1_7' title='bbox 472 838 590 889; x_wconf 85' lang='lat' dir='ltr'>omnes</span> <span class='ocrx_word' id='word_1_8' title='bbox 610 814 701 888; x_wconf 89' lang='lat' dir='ltr'>enirn</span> <span class='ocrx_word' id='word_1_9' title='bbox 722 812 907 913; x_wconf 71' lang='lat' dir='ltr'>expetimus</span> <span class='ocrx_word' id='word_1_10' title='bbox 920 816 1045 893; x_wconf 88' lang='lat' dir='ltr'>utilita-</span> 
     </span>
     <span class='ocr_line' id='line_1_3' title="bbox 71 924 1150 1024; baseline 0.002 -27"><span class='ocrx_word' id='word_1_11' title='bbox 71 940 161 1016; x_wconf 85' lang='lat' dir='ltr'>tem,</span> <span class='ocrx_word' id='word_1_12' title='bbox 173 925 221 999; x_wconf 88' lang='lat' dir='ltr'>ad</span> <span class='ocrx_word' id='word_1_13' title='bbox 233 930 378 1024; x_wconf 81' lang='lat' dir='ltr'>eamque</span> <span class='ocrx_word' id='word_1_14' title='bbox 391 924 559 1023; x_wconf 82' lang='lat' dir='ltr'>rapimur,</span> <span class='ocrx_word' id='word_1_15' title='bbox 572 949 634 998; x_wconf 90' lang='lat' dir='ltr'>nec</span> <span class='ocrx_word' id='word_1_16' title='bbox 650 924 760 999; x_wconf 85' lang='lat' dir='ltr'>facere</span> <span class='ocrx_word' id='word_1_17' title='bbox 774 924 867 999; x_wconf 87' lang='lat' dir='ltr'>aliter</span> <span class='ocrx_word' id='word_1_18' title='bbox 878 925 950 999; x_wconf 90' lang='lat' dir='ltr'>ullo</span> <span class='ocrx_word' id='word_1_19' title='bbox 963 950 1043 999; x_wconf 91' lang='lat' dir='ltr'>mo-</span> <span class='ocrx_word' id='word_1_20' title='bbox 1145 1012 1150 1021; x_wconf 19' lang='lat'>³</span> 
     </span>
     <span class='ocr_line' id='line_1_4' title="bbox 74 1033 1045 1136; baseline 0.004 -28"><span class='ocrx_word' id='word_1_21' title='bbox 74 1035 119 1108; x_wconf 87' lang='lat' dir='ltr'>do</span> <span class='ocrx_word' id='word_1_22' title='bbox 135 1035 325 1135; x_wconf 81' lang='lat' dir='ltr'>poffumus.</span> <span class='ocrx_word' id='word_1_23' title='bbox 349 1060 426 1108; x_wconf 87' lang='lat' dir='ltr'>nam</span> <span class='ocrx_word' id='word_1_24' title='bbox 449 1033 525 1136; x_wconf 83' lang='lat' dir='ltr'>quis</span> <span class='ocrx_word' id='word_1_25' title='bbox 545 1033 616 1125; x_wconf 86' lang='lat' dir='ltr'>est,</span> <span class='ocrx_word' id='word_1_26' title='bbox 634 1034 694 1133; x_wconf 89' lang='lat' dir='ltr'>qui</span> <span class='ocrx_word' id='word_1_27' title='bbox 713 1034 961 1134; x_wconf 73' lang='lat' dir='ltr'>uriliufngiatt</span> <span class='ocrx_word' id='word_1_28' title='bbox 985 1058 1045 1114; x_wconf 89' lang='lat' dir='ltr'>aut</span> 
     </span>
     <span class='ocr_line' id='line_1_5' title="bbox 76 1145 1042 1247; baseline 0.003 -27"><span class='ocrx_word' id='word_1_29' title='bbox 76 1148 147 1243; x_wconf 78' lang='lat' dir='ltr'>quis</span> <span class='ocrx_word' id='word_1_30' title='bbox 164 1147 304 1247; x_wconf 87' lang='lat' dir='ltr'>potius,</span> <span class='ocrx_word' id='word_1_31' title='bbox 326 1148 387 1247; x_wconf 85' lang='lat' dir='ltr'>qui</span> <span class='ocrx_word' id='word_1_32' title='bbox 406 1172 450 1221; x_wconf 83' lang='lat' dir='ltr'>ea·</span> <span class='ocrx_word' id='word_1_33' title='bbox 463 1170 533 1222; x_wconf 87' lang='lat' dir='ltr'>non</span> <span class='ocrx_word' id='word_1_34' title='bbox 549 1145 779 1221; x_wconf 82' lang='lat' dir='ltr'>studiofiffime</span> <span class='ocrx_word' id='word_1_35' title='bbox 798 1148 1042 1246; x_wconf 70' lang='lat' dir='ltr'>persequatur?</span> 
     </span>
     <span class='ocr_line' id='line_1_6' title="bbox 75 1254 1044 1358; baseline 0.004 -30"><span class='ocrx_word' id='word_1_36' title='bbox 75 1254 129 1329; x_wconf 79' lang='lat' dir='ltr'>sed</span> <span class='ocrx_word' id='word_1_37' title='bbox 146 1258 229 1357; x_wconf 86' lang='lat' dir='ltr'>quia</span> <span class='ocrx_word' id='word_1_38' title='bbox 246 1282 408 1357; x_wconf 80' lang='lat' dir='ltr'><strong>nusquam</strong></span> <span class='ocrx_word' id='word_1_39' title='bbox 424 1258 619 1358; x_wconf 70' lang='lat' dir='ltr'>potimus,</span> <span class='ocrx_word' id='word_1_40' title='bbox 634 1257 695 1331; x_wconf 82' lang='lat' dir='ltr'>nist</span> <span class='ocrx_word' id='word_1_41' title='bbox 715 1256 751 1330; x_wconf 93' lang='lat' dir='ltr'>in</span> <span class='ocrx_word' id='word_1_42' title='bbox 769 1257 886 1348; x_wconf 87' lang='lat' dir='ltr'>laude,</span> <span class='ocrx_word' id='word_1_43' title='bbox 898 1258 1044 1350; x_wconf 85' lang='lat' dir='ltr'>decore,</span> 
     </span>
     <span class='ocr_line' id='line_1_7' title="bbox 74 1366 1044 1470; baseline 0.003 -30"><span class='ocrx_word' id='word_1_44' title='bbox 74 1367 247 1444; x_wconf 80' lang='lat' dir='ltr'>honestate</span> <span class='ocrx_word' id='word_1_45' title='bbox 269 1370 361 1443; x_wconf 90' lang='lat' dir='ltr'>utilia</span> <span class='ocrx_word' id='word_1_46' title='bbox 386 1371 563 1470; x_wconf 86' lang='lat' dir='ltr'>reperire,</span> <span class='ocrx_word' id='word_1_47' title='bbox 590 1386 767 1469; x_wconf 83' lang='lat' dir='ltr'>propterea</span> <span class='ocrx_word' id='word_1_48' title='bbox 793 1366 849 1441; x_wconf 89' lang='lat' dir='ltr'>illa</span> <span class='ocrx_word' id='word_1_49' title='bbox 876 1368 985 1467; x_wconf 81' lang='lat' dir='ltr'>prima</span> <span class='ocrx_word' id='word_1_50' title='bbox 1008 1386 1044 1443; x_wconf 86' lang='lat' dir='ltr'>et</span> 
     </span>
     <span class='ocr_line' id='line_1_8' title="bbox 76 1472 1044 1572; baseline 0.004 -26"><span class='ocrx_word' id='word_1_51' title='bbox 76 1472 203 1548; x_wconf 88' lang='lat' dir='ltr'>summa</span> <span class='ocrx_word' id='word_1_52' title='bbox 220 1477 380 1551; x_wconf 85' lang='lat' dir='ltr'>habemus</span> <span class='ocrx_word' id='word_1_53' title='bbox 394 1504 405 1551; x_wconf 76' lang='lat' dir='ltr'><strong><em>z</em></strong></span> <span class='ocrx_word' id='word_1_54' title='bbox 420 1477 566 1552; x_wconf 75' lang='lat' dir='ltr'>utilitatis</span> <span class='ocrx_word' id='word_1_55' title='bbox 585 1502 711 1551; x_wconf 90' lang='lat' dir='ltr'>nomen</span> <span class='ocrx_word' id='word_1_56' title='bbox 729 1500 799 1549; x_wconf 92' lang='lat' dir='ltr'>non</span> <span class='ocrx_word' id='word_1_57' title='bbox 818 1497 887 1550; x_wconf 89' lang='lat' dir='ltr'>ram</span> <span class='ocrx_word' id='word_1_58' title='bbox 902 1475 1044 1572; x_wconf 79' lang='lat' dir='ltr'>splendi-</span> 
     </span>
     <span class='ocr_line' id='line_1_9' title="bbox 75 1583 1087 1685; baseline 0.004 -30"><span class='ocrx_word' id='word_1_59' title='bbox 75 1583 178 1676; x_wconf 88' lang='lat' dir='ltr'>dum,</span> <span class='ocrx_word' id='word_1_60' title='bbox 192 1610 296 1685; x_wconf 85' lang='lat' dir='ltr'>quam</span> <span class='ocrx_word' id='word_1_61' title='bbox 318 1588 533 1662; x_wconf 74' lang='lat' dir='ltr'>necessarium</span> <span class='ocrx_word' id='word_1_62' title='bbox 554 1589 718 1661; x_wconf 86' lang='lat' dir='ltr'><strong>ducimus.</strong></span> <span class='ocrx_word' id='word_1_63' title='bbox 738 1586 833 1681; x_wconf 86' lang='lat' dir='ltr'><strong>Quid</strong></span> <span class='ocrx_word' id='word_1_64' title='bbox 851 1584 900 1659; x_wconf 86' lang='lat' dir='ltr'>est</span> <span class='ocrx_word' id='word_1_65' title='bbox 919 1587 1043 1685; x_wconf 81' lang='lat' dir='ltr'>igitur,</span> <span class='ocrx_word' id='word_1_66' title='bbox 1057 1621 1087 1659; x_wconf 79' lang='grc' dir='ltr'>ιο</span> 
     </span>
     <span class='ocr_line' id='line_1_10' title="bbox 73 1691 1043 1794; baseline 0.007 -29"><span class='ocrx_word' id='word_1_67' title='bbox 73 1691 199 1765; x_wconf 80' lang='lat' dir='ltr'>dixerit</span> <span class='ocrx_word' id='word_1_68' title='bbox 216 1694 315 1794; x_wconf 81' lang='lat' dir='ltr'>quis,</span> <span class='ocrx_word' id='word_1_69' title='bbox 328 1695 364 1768; x_wconf 92' lang='lat' dir='ltr'>in</span> <span class='ocrx_word' id='word_1_70' title='bbox 385 1695 625 1771; x_wconf 80' lang='lat' dir='ltr'>iureiurando?</span> <span class='ocrx_word' id='word_1_71' title='bbox 638 1722 720 1770; x_wconf 88' lang='lat' dir='ltr'>num</span> <span class='ocrx_word' id='word_1_72' title='bbox 742 1696 863 1769; x_wconf 89' lang='lat' dir='ltr'>iratum</span> <span class='ocrx_word' id='word_1_73' title='bbox 884 1695 1043 1773; x_wconf 74' lang='lat' dir='ltr'>timemur</span> 
     </span>
     <span class='ocr_line' id='line_1_11' title="bbox 74 1802 1043 1907; baseline 0.004 -31"><span class='ocrx_word' id='word_1_74' title='bbox 74 1803 218 1877; x_wconf 78' lang='lat' dir='ltr'>lovem?</span> <span class='ocrx_word' id='word_1_75' title='bbox 234 1812 278 1879; x_wconf 86' lang='lat' dir='ltr'>llt</span> <span class='ocrx_word' id='word_1_76' title='bbox 298 1807 365 1881; x_wconf 89' lang='lat' dir='ltr'>hoc</span> <span class='ocrx_word' id='word_1_77' title='bbox 378 1806 515 1907; x_wconf 85' lang='lat' dir='ltr'>quidem</span> <span class='ocrx_word' id='word_1_78' title='bbox 537 1826 718 1881; x_wconf 86' lang='lat' dir='ltr'>commune</span> <span class='ocrx_word' id='word_1_79' title='bbox 731 1802 780 1878; x_wconf 85' lang='lat' dir='ltr'>&#39;est</span> <span class='ocrx_word' id='word_1_80' title='bbox 793 1805 947 1881; x_wconf 89' lang='lat' dir='ltr'>omnium</span> <span class='ocrx_word' id='word_1_81' title='bbox 968 1804 1043 1903; x_wconf 89' lang='lat' dir='ltr'>phi·</span> 
     </span>
     <span class='ocr_line' id='line_1_12' title="bbox 73 1912 1042 2015; baseline 0.003 -28"><span class='ocrx_word' id='word_1_82' title='bbox 73 1912 318 2013; x_wconf 87' lang='lat' dir='ltr'>losophorum,</span> <span class='ocrx_word' id='word_1_83' title='bbox 332 1944 402 1994; x_wconf 87' lang='lat' dir='ltr'>non</span> <span class='ocrx_word' id='word_1_84' title='bbox 416 1942 534 1993; x_wconf 89' lang='lat' dir='ltr'>eorum</span> <span class='ocrx_word' id='word_1_85' title='bbox 552 1918 679 2004; x_wconf 88' lang='lat' dir='ltr'>modo,</span> <span class='ocrx_word' id='word_1_86' title='bbox 693 1916 753 2015; x_wconf 92' lang='lat' dir='ltr'>qui</span> <span class='ocrx_word' id='word_1_87' title='bbox 767 1917 866 1990; x_wconf 88' lang='lat' dir='ltr'>deum</span> <span class='ocrx_word' id='word_1_88' title='bbox 880 1917 963 1990; x_wconf 82' lang='lat' dir='ltr'><strong>nihil</strong></span> <span class='ocrx_word' id='word_1_89' title='bbox 981 1916 1042 1990; x_wconf 78' lang='lat' dir='ltr'>lta·</span> 
     </span>
     <span class='ocr_line' id='line_1_13' title="bbox 74 2020 1043 2127; baseline 0.005 -31"><span class='ocrx_word' id='word_1_90' title='bbox 74 2020 152 2096; x_wconf 80' lang='lat' dir='ltr'>bare</span> <span class='ocrx_word' id='word_1_91' title='bbox 165 2023 276 2124; x_wconf 75' lang='lat' dir='ltr'>ipsum</span> <span class='ocrx_word' id='word_1_92' title='bbox 297 2028 427 2127; x_wconf 82' lang='lat' dir='ltr'>negotii</span> <span class='ocrx_word' id='word_1_93' title='bbox 450 2029 586 2119; x_wconf 91' lang='lat' dir='ltr'>dicunt,</span> <span class='ocrx_word' id='word_1_94' title='bbox 600 2048 634 2100; x_wconf 93' lang='lat' dir='ltr'>et</span> <span class='ocrx_word' id='word_1_95' title='bbox 651 2026 733 2100; x_wconf 88' lang='lat' dir='ltr'>nihil</span> <span class='ocrx_word' id='word_1_96' title='bbox 751 2028 908 2107; x_wconf 82' lang='lat' dir='ltr'>exhibere</span> <span class='ocrx_word' id='word_1_97' title='bbox 930 2028 1043 2114; x_wconf 86' lang='lat' dir='ltr'>alteri;</span> 
     </span>
     <span class='ocr_line' id='line_1_14' title="bbox 74 2132 1042 2238; baseline 0.005 -31"><span class='ocrx_word' id='word_1_98' title='bbox 74 2132 130 2208; x_wconf 84' lang='lat' dir='ltr'>fed</span> <span class='ocrx_word' id='word_1_99' title='bbox 148 2160 272 2210; x_wconf 90' lang='lat' dir='ltr'>eorum</span> <span class='ocrx_word' id='word_1_100' title='bbox 296 2138 412 2229; x_wconf 90' lang='lat' dir='ltr'>etiam,</span> <span class='ocrx_word' id='word_1_101' title='bbox 425 2137 482 2238; x_wconf 89' lang='lat' dir='ltr'>qui</span> <span class='ocrx_word' id='word_1_102' title='bbox 500 2140 600 2214; x_wconf 90' lang='lat' dir='ltr'>deum</span> <span class='ocrx_word' id='word_1_103' title='bbox 625 2140 753 2236; x_wconf 86' lang='lat' dir='ltr'>semper</span> <span class='ocrx_word' id='word_1_104' title='bbox 779 2163 877 2237; x_wconf 82' lang='lat' dir='ltr'>agere</span> <span class='ocrx_word' id='word_1_105' title='bbox 896 2139 1042 2238; x_wconf 86' lang='lat' dir='ltr'>aliquid,</span> 
     </span>
     <span class='ocr_line' id='line_1_15' title="bbox 73 2246 1042 2346; baseline 0.008 -32"><span class='ocrx_word' id='word_1_106' title='bbox 73 2260 108 2315; x_wconf 92' lang='lat' dir='ltr'>et</span> <span class='ocrx_word' id='word_1_107' title='bbox 129 2246 248 2319; x_wconf 90' lang='lat' dir='ltr'>moliri</span> <span class='ocrx_word' id='word_1_108' title='bbox 269 2249 413 2336; x_wconf 88' lang='lat' dir='ltr'>volunt,</span> <span class='ocrx_word' id='word_1_109' title='bbox 435 2272 604 2346; x_wconf 84' lang='lat' dir='ltr'>nunquam</span> <span class='ocrx_word' id='word_1_110' title='bbox 632 2272 693 2320; x_wconf 87' lang='lat' dir='ltr'>nec</span> <span class='ocrx_word' id='word_1_111' title='bbox 713 2246 807 2321; x_wconf 85' lang='lat' dir='ltr'>irasci</span> <span class='ocrx_word' id='word_1_112' title='bbox 835 2247 958 2338; x_wconf 88' lang='lat' dir='ltr'>deum,</span> <span class='ocrx_word' id='word_1_113' title='bbox 980 2272 1042 2323; x_wconf 87' lang='lat' dir='ltr'>nec</span> 
     </span>
     <span class='ocr_line' id='line_1_16' title="bbox 73 2350 1042 2455; baseline 0.002 -28"><span class='ocrx_word' id='word_1_114' title='bbox 73 2379 210 2429; x_wconf 84' lang='lat' dir='ltr'>nocere.</span> <span class='ocrx_word' id='word_1_115' title='bbox 230 2357 325 2451; x_wconf 82' lang='lat' dir='ltr'>Quid</span> <span class='ocrx_word' id='word_1_116' title='bbox 343 2375 452 2433; x_wconf 90' lang='lat' dir='ltr'>autem</span> <span class='ocrx_word' id='word_1_117' title='bbox 472 2357 572 2430; x_wconf 86' lang='lat' dir='ltr'>iratus</span> <span class='ocrx_word' id='word_1_118' title='bbox 590 2350 714 2453; x_wconf 84' lang='lat' dir='ltr'>Iupiter</span> <span class='ocrx_word' id='word_1_119' title='bbox 739 2356 810 2453; x_wconf 88' lang='lat' dir='ltr'>plus</span> <span class='ocrx_word' id='word_1_120' title='bbox 835 2381 958 2431; x_wconf 88' lang='lat' dir='ltr'>nocere</span> <span class='ocrx_word' id='word_1_121' title='bbox 972 2383 1042 2455; x_wconf 89' lang='lat' dir='ltr'>po·</span> 
     </span>
     <span class='ocr_line' id='line_1_17' title="bbox 72 2464 1044 2565; baseline 0.001 -28"><span class='ocrx_word' id='word_1_122' title='bbox 72 2464 186 2539; x_wconf 85' lang='lat' dir='ltr'>urill&#39;et</span> <span class='ocrx_word' id='word_1_123' title='bbox 198 2519 210 2555; x_wconf 94' lang='lat'>,</span> <span class='ocrx_word' id='word_1_124' title='bbox 223 2492 325 2564; x_wconf 88' lang='lat' dir='ltr'>qnam</span> <span class='ocrx_word' id='word_1_125' title='bbox 343 2467 459 2541; x_wconf 86' lang='lat' dir='ltr'>nocuit</span> <span class='ocrx_word' id='word_1_126' title='bbox 475 2466 534 2538; x_wconf 85' lang='lat' dir='ltr'>fibi</span> <span class='ocrx_word' id='word_1_127' title='bbox 557 2466 625 2562; x_wconf 82' lang='lat' dir='ltr'>ipse</span> <span class='ocrx_word' id='word_1_128' title='bbox 643 2464 814 2565; x_wconf 84' lang='lat' dir='ltr'>Regulus?</span> <span class='ocrx_word' id='word_1_129' title='bbox 829 2467 917 2538; x_wconf 86' lang='lat' dir='ltr'>nulla</span> <span class='ocrx_word' id='word_1_130' title='bbox 942 2467 1044 2564; x_wconf 83' lang='lat' dir='ltr'>igitur</span> 
     </span>
     <span class='ocr_line' id='line_1_18' title="bbox 72 2571 1043 2673; baseline -0.001 -29"><span class='ocrx_word' id='word_1_131' title='bbox 72 2572 125 2645; x_wconf 81' lang='lat' dir='ltr'>vis</span> <span class='ocrx_word' id='word_1_132' title='bbox 147 2571 216 2646; x_wconf 90' lang='lat' dir='ltr'>fuit</span> <span class='ocrx_word' id='word_1_133' title='bbox 238 2573 432 2673; x_wconf 82' lang='lat' dir='ltr'>religionis,</span> <span class='ocrx_word' id='word_1_134' title='bbox 459 2598 545 2671; x_wconf 91' lang='lat' dir='ltr'>quae</span> <span class='ocrx_word' id='word_1_135' title='bbox 563 2589 685 2643; x_wconf 77' lang='lat' dir='ltr'><strong>tantam</strong></span> <span class='ocrx_word' id='word_1_136' title='bbox 711 2571 884 2645; x_wconf 85' lang='lat' dir='ltr'>utilitatem</span> <span class='ocrx_word' id='word_1_137' title='bbox 906 2596 1043 2669; x_wconf 86' lang='lat' dir='ltr'>perver-</span> 
     </span>
     <span class='ocr_line' id='line_1_19' title="bbox 73 2681 1043 2781; baseline 0.005 -28"><span class='ocrx_word' id='word_1_138' title='bbox 73 2698 166 2755; x_wconf 87' lang='lat' dir='ltr'>teret.</span> <span class='ocrx_word' id='word_1_139' title='bbox 188 2688 241 2754; x_wconf 77' lang='lat' dir='ltr'>An</span> <span class='ocrx_word' id='word_1_140' title='bbox 259 2706 302 2755; x_wconf 88' lang='lat' dir='ltr'>ne</span> <span class='ocrx_word' id='word_1_141' title='bbox 321 2683 464 2781; x_wconf 89' lang='lat' dir='ltr'>turpiter</span> <span class='ocrx_word' id='word_1_142' title='bbox 478 2681 629 2756; x_wconf 77' lang='lat' dir='ltr'>faceret?</span> <span class='ocrx_word' id='word_1_143' title='bbox 653 2682 824 2772; x_wconf 82' lang='lat' dir='ltr'>Primum,</span> <span class='ocrx_word' id='word_1_144' title='bbox 841 2682 979 2757; x_wconf 87' lang='lat' dir='ltr'>minima</span> <span class='ocrx_word' id='word_1_145' title='bbox 998 2686 1043 2758; x_wconf 88' lang='lat' dir='ltr'>de</span> 
     </span>
     <span class='ocr_line' id='line_1_20' title="bbox 72 2791 1044 2893; baseline 0.009 -30"><span class='ocrx_word' id='word_1_146' title='bbox 72 2791 178 2866; x_wconf 82' lang='lat' dir='ltr'>malis.</span> <span class='ocrx_word' id='word_1_147' title='bbox 201 2794 293 2867; x_wconf 87' lang='lat' dir='ltr'>Num</span> <span class='ocrx_word' id='word_1_148' title='bbox 310 2794 413 2893; x_wconf 84' lang='lat' dir='ltr'>igitur</span> <span class='ocrx_word' id='word_1_149' title='bbox 430 2811 556 2866; x_wconf 82' lang='lat' dir='ltr'>tannun</span> <span class='ocrx_word' id='word_1_150' title='bbox 579 2794 658 2867; x_wconf 85' lang='lat' dir='ltr'>mali</span> <span class='ocrx_word' id='word_1_151' title='bbox 678 2796 851 2892; x_wconf 89' lang='lat' dir='ltr'>turpitudo</span> <span class='ocrx_word' id='word_1_152' title='bbox 869 2796 928 2869; x_wconf 80' lang='lat' dir='ltr'>itta</span> <span class='ocrx_word' id='word_1_153' title='bbox 944 2797 1044 2872; x_wconf 90' lang='lat' dir='ltr'>habe·</span> 
     </span>
     <span class='ocr_line' id='line_1_21' title="bbox 71 2901 1042 3007; baseline 0.013 -34"><span class='ocrx_word' id='word_1_154' title='bbox 71 2901 145 2990; x_wconf 86' lang='lat' dir='ltr'>bat,</span> <span class='ocrx_word' id='word_1_155' title='bbox 156 2921 318 3002; x_wconf 88' lang='lat' dir='ltr'>quantum</span> <span class='ocrx_word' id='word_1_156' title='bbox 332 2903 386 2978; x_wconf 92' lang='lat' dir='ltr'>ille</span> <span class='ocrx_word' id='word_1_157' title='bbox 396 2904 579 2979; x_wconf 76' lang='lat' dir='ltr'>cruciatus?</span> <span class='ocrx_word' id='word_1_158' title='bbox 591 2905 732 3006; x_wconf 83' lang='lat' dir='ltr'>denique</span> <span class='ocrx_word' id='word_1_159' title='bbox 743 2906 825 2982; x_wconf 92' lang='lat' dir='ltr'>illud</span> <span class='ocrx_word' id='word_1_160' title='bbox 838 2909 938 2982; x_wconf 88' lang='lat' dir='ltr'>etiam</span> <span class='ocrx_word' id='word_1_161' title='bbox 951 2909 1042 3007; x_wconf 89' lang='lat' dir='ltr'>apud</span> 
     </span>
     <span class='ocr_line' id='line_1_22' title="bbox 70 3011 229 3100; baseline 0.013 -18"><span class='ocrx_word' id='word_1_162' title='bbox 70 3011 229 3100; x_wconf 78' lang='lat' dir='ltr'>Attium,</span> 
     </span>
    </p>

    <p class='ocr_par' dir='ltr' id='par_1_3' title="bbox 121 3121 1042 3224">
     <span class='ocr_line' id='line_1_23' title="bbox 121 3121 1042 3224; baseline 0.003 -29"><span class='ocrx_word' id='word_1_163' title='bbox 121 3121 252 3224; x_wconf 66' lang='lat' dir='ltr'>anssr&#39;</span> <span class='ocrx_word' id='word_1_164' title='bbox 262 3122 391 3212; x_wconf 79' lang='lat' dir='ltr'>fidem:</span> <span class='ocrx_word' id='word_1_165' title='bbox 418 3150 513 3221; x_wconf 75' lang='lat' dir='ltr'>arque</span> <span class='ocrx_word' id='word_1_166' title='bbox 534 3128 605 3199; x_wconf 73' lang='lat' dir='ltr'>dedi</span> <span class='ocrx_word' id='word_1_167' title='bbox 616 3178 629 3218; x_wconf 95' lang='lat'>,</span> <span class='ocrx_word' id='word_1_168' title='bbox 648 3152 744 3220; x_wconf 80' lang='lat' dir='ltr'>neque</span> <span class='ocrx_word' id='word_1_169' title='bbox 769 3130 811 3197; x_wconf 84' lang='lat' dir='ltr'>do</span> <span class='ocrx_word' id='word_1_170' title='bbox 833 3127 952 3218; x_wconf 76' lang='lat' dir='ltr'>infideli</span> <span class='ocrx_word' id='word_1_171' title='bbox 971 3128 1042 3198; x_wconf 84' lang='lat' dir='ltr'>cui-</span> 
     </span>
    </p>

    <p class='ocr_par' dir='ltr' id='par_1_4' title="bbox 265 3258 388 3325">
     <span class='ocr_line' id='line_1_24' title="bbox 265 3258 388 3325; baseline 0 -23"><span class='ocrx_word' id='word_1_172' title='bbox 265 3258 388 3325; x_wconf 83' lang='lat' dir='ltr'>quam.-</span> 
     </span>
    </p>

    <p class='ocr_par' dir='ltr' id='par_1_5' title="bbox 69 3338 1166 4212">
     <span class='ocr_line' id='line_1_25' title="bbox 69 3338 1135 3441; baseline 0.002 -27"><span class='ocrx_word' id='word_1_173' title='bbox 69 3364 277 3440; x_wconf 83' lang='lat' dir='ltr'>quamquam</span> <span class='ocrx_word' id='word_1_174' title='bbox 292 3338 334 3411; x_wconf 92' lang='lat' dir='ltr'>ab</span> <span class='ocrx_word' id='word_1_175' title='bbox 350 3338 457 3437; x_wconf 89' lang='lat' dir='ltr'>impio</span> <span class='ocrx_word' id='word_1_176' title='bbox 477 3366 557 3441; x_wconf 83' lang='lat' dir='ltr'>rege</span> <span class='ocrx_word' id='word_1_177' title='bbox 578 3341 720 3431; x_wconf 90' lang='lat' dir='ltr'>dicitur,</span> <span class='ocrx_word' id='word_1_178' title='bbox 738 3339 908 3414; x_wconf 85' lang='lat' dir='ltr'>luculente</span> <span class='ocrx_word' id='word_1_179' title='bbox 928 3362 1040 3416; x_wconf 86' lang='lat' dir='ltr'>tamen</span> <span class='ocrx_word' id='word_1_180' title='bbox 1128 3422 1135 3433; x_wconf 61' lang='grc'><strong>,</strong></span> 
     </span>
     <span class='ocr_line' id='line_1_26' title="bbox 71 3449 1103 3552; baseline 0.003 -25"><span class='ocrx_word' id='word_1_181' title='bbox 71 3452 205 3527; x_wconf 90' lang='lat' dir='ltr'>dicitur.</span> <span class='ocrx_word' id='word_1_182' title='bbox 218 3449 356 3523; x_wconf 82' lang='lat' dir='ltr'>Addunt</span> <span class='ocrx_word' id='word_1_183' title='bbox 367 3450 465 3523; x_wconf 86' lang='lat' dir='ltr'>etiam</span> <span class='ocrx_word' id='word_1_184' title='bbox 476 3505 487 3542; x_wconf 91' lang='lat'>,</span> <span class='ocrx_word' id='word_1_185' title='bbox 500 3451 787 3552; x_wconf 83' lang='lat' dir='ltr'>quemadmodum</span> <span class='ocrx_word' id='word_1_186' title='bbox 802 3474 865 3526; x_wconf 86' lang='lat' dir='ltr'>nos</span> <span class='ocrx_word' id='word_1_187' title='bbox 879 3450 1039 3545; x_wconf 76' lang='lat' dir='ltr'>dicamtu,</span> <span class='ocrx_word' id='word_1_188' title='bbox 1058 3492 1103 3549; x_wconf 60' lang='grc' dir='ltr'>ιο,</span> 
     </span>
     <span class='ocr_line' id='line_1_27' title="bbox 70 3558 1039 3660; baseline 0.003 -27"><span class='ocrx_word' id='word_1_189' title='bbox 70 3558 180 3634; x_wconf 79' lang='lat' dir='ltr'>rideri</span> <span class='ocrx_word' id='word_1_190' title='bbox 194 3559 361 3657; x_wconf 82' lang='lat' dir='ltr'>quaedam</span> <span class='ocrx_word' id='word_1_191' title='bbox 378 3558 492 3648; x_wconf 90' lang='lat' dir='ltr'>utilia,</span> <span class='ocrx_word' id='word_1_192' title='bbox 507 3584 593 3658; x_wconf 88' lang='lat' dir='ltr'>quae</span> <span class='ocrx_word' id='word_1_193' title='bbox 607 3585 677 3633; x_wconf 88' lang='lat' dir='ltr'>non</span> <span class='ocrx_word' id='word_1_194' title='bbox 695 3560 778 3647; x_wconf 86' lang='lat' dir='ltr'>fint;</span> <span class='ocrx_word' id='word_1_195' title='bbox 793 3559 837 3635; x_wconf 83' lang='lat' dir='ltr'>lic</span> <span class='ocrx_word' id='word_1_196' title='bbox 855 3560 888 3634; x_wconf 85' lang='lat' dir='ltr'>se</span> <span class='ocrx_word' id='word_1_197' title='bbox 912 3561 1039 3660; x_wconf 84' lang='lat' dir='ltr'>dicere,</span> 
     </span>
     <span class='ocr_line' id='line_1_28' title="bbox 71 3668 1041 3772; baseline 0.002 -27"><span class='ocrx_word' id='word_1_198' title='bbox 71 3669 180 3745; x_wconf 85' lang='lat' dir='ltr'>videri</span> <span class='ocrx_word' id='word_1_199' title='bbox 201 3668 366 3767; x_wconf 85' lang='lat' dir='ltr'>quaedam</span> <span class='ocrx_word' id='word_1_200' title='bbox 389 3668 548 3755; x_wconf 85' lang='lat' dir='ltr'>honesta,</span> <span class='ocrx_word' id='word_1_201' title='bbox 568 3694 652 3767; x_wconf 89' lang='lat' dir='ltr'>quae</span> <span class='ocrx_word' id='word_1_202' title='bbox 666 3693 735 3742; x_wconf 85' lang='lat' dir='ltr'>non</span> <span class='ocrx_word' id='word_1_203' title='bbox 756 3669 841 3742; x_wconf 78' lang='lat' dir='ltr'>sint:</span> <span class='ocrx_word' id='word_1_204' title='bbox 858 3693 896 3745; x_wconf 89' lang='lat' dir='ltr'>ur</span> <span class='ocrx_word' id='word_1_205' title='bbox 908 3672 1041 3772; x_wconf 90' lang='lat' dir='ltr'>hocip·</span> 
     </span>
     <span class='ocr_line' id='line_1_29' title="bbox 71 3776 1039 3868; baseline 0.005 -16"><span class='ocrx_word' id='word_1_206' title='bbox 71 3779 141 3853; x_wconf 85' lang='lat' dir='ltr'>sum</span> <span class='ocrx_word' id='word_1_207' title='bbox 153 3777 293 3852; x_wconf 90' lang='lat' dir='ltr'>videtur</span> <span class='ocrx_word' id='word_1_208' title='bbox 309 3776 484 3851; x_wconf 82' lang='lat' dir='ltr'>honestum</span> <span class='ocrx_word' id='word_1_209' title='bbox 491 3779 730 3868; x_wconf 84' lang='lat' dir='ltr'>,conservandi</span> <span class='ocrx_word' id='word_1_210' title='bbox 742 3779 951 3855; x_wconf 77' lang='lat' dir='ltr'>iurisiurandi</span> <span class='ocrx_word' id='word_1_211' title='bbox 964 3808 1039 3857; x_wconf 87' lang='lat' dir='ltr'>cau·</span> 
     </span>
     <span class='ocr_line' id='line_1_30' title="bbox 71 3886 1062 3999; baseline 0 -37"><span class='ocrx_word' id='word_1_212' title='bbox 71 3888 103 3962; x_wconf 86' lang='lat' dir='ltr'>sa</span> <span class='ocrx_word' id='word_1_213' title='bbox 120 3890 162 3961; x_wconf 94' lang='lat' dir='ltr'>ad</span> <span class='ocrx_word' id='word_1_214' title='bbox 187 3887 376 3963; x_wconf 88' lang='lat' dir='ltr'>cruciatum</span> <span class='ocrx_word' id='word_1_215' title='bbox 402 3889 594 3977; x_wconf 77' lang='lat' dir='ltr'>revertitle3</span> <span class='ocrx_word' id='word_1_216' title='bbox 610 3888 668 3963; x_wconf 90' lang='lat' dir='ltr'>sed</span> <span class='ocrx_word' id='word_1_217' title='bbox 681 3886 720 3964; x_wconf 85' lang='lat' dir='ltr'>fit</span> <span class='ocrx_word' id='word_1_218' title='bbox 742 3914 813 3964; x_wconf 91' lang='lat' dir='ltr'>non</span> <span class='ocrx_word' id='word_1_219' title='bbox 834 3890 1038 3982; x_wconf 86' lang='lat' dir='ltr'>honestum,</span> <span class='ocrx_word' id='word_1_220' title='bbox 1056 3980 1062 3999; x_wconf 39' lang='lat'><strong>.</strong></span> 
     </span>
     <span class='ocr_line' id='line_1_31' title="bbox 72 3996 1166 4100; baseline -0.002 -26"><span class='ocrx_word' id='word_1_221' title='bbox 72 4001 168 4099; x_wconf 83' lang='lat' dir='ltr'>quia,</span> <span class='ocrx_word' id='word_1_222' title='bbox 181 3999 283 4100; x_wconf 87' lang='lat' dir='ltr'>quod</span> <span class='ocrx_word' id='word_1_223' title='bbox 296 3996 440 4096; x_wconf 81' lang='lat' dir='ltr'>pervim</span> <span class='ocrx_word' id='word_1_224' title='bbox 454 3996 598 4072; x_wconf 83' lang='lat' dir='ltr'>hostium</span> <span class='ocrx_word' id='word_1_225' title='bbox 613 3998 692 4073; x_wconf 76' lang='lat' dir='ltr'>esset</span> <span class='ocrx_word' id='word_1_226' title='bbox 709 4000 954 4088; x_wconf 59' lang='lat' dir='ltr'>adum-ratum</span> <span class='ocrx_word' id='word_1_227' title='bbox 970 3997 1038 4072; x_wconf 82' lang='lat' dir='ltr'>esse</span> <span class='ocrx_word' id='word_1_228' title='bbox 1163 4028 1166 4033; x_wconf 94' lang='lat'>·</span> 
     </span>
     <span class='ocr_line' id='line_1_32' title="bbox 71 4107 1103 4212; baseline -0.001 -28"><span class='ocrx_word' id='word_1_229' title='bbox 71 4136 137 4187; x_wconf 93' lang='lat' dir='ltr'>non</span> <span class='ocrx_word' id='word_1_230' title='bbox 149 4111 278 4190; x_wconf 72' lang='lat' dir='ltr'>debirit.</span> <span class='ocrx_word' id='word_1_231' title='bbox 300 4108 437 4183; x_wconf 81' lang='lat' dir='ltr'>Addunt</span> <span class='ocrx_word' id='word_1_232' title='bbox 455 4109 554 4184; x_wconf 88' lang='lat' dir='ltr'>etiam</span> <span class='ocrx_word' id='word_1_233' title='bbox 565 4164 577 4201; x_wconf 91' lang='lat'>,</span> <span class='ocrx_word' id='word_1_234' title='bbox 590 4109 757 4212; x_wconf 87' lang='lat' dir='ltr'>quidquid</span> <span class='ocrx_word' id='word_1_235' title='bbox 767 4110 865 4188; x_wconf 84' lang='lat' dir='ltr'>valde</span> <span class='ocrx_word' id='word_1_236' title='bbox 873 4109 962 4185; x_wconf 82' lang='lat' dir='ltr'>utile</span> <span class='ocrx_word' id='word_1_237' title='bbox 977 4107 1035 4203; x_wconf 81' lang='lat' dir='ltr'>stt,</span> <span class='ocrx_word' id='word_1_238' title='bbox 1056 4135 1103 4210; x_wconf 82' lang='lat'>²9</span> 
     </span>
    </p>
   </div>
   <div class='ocr_carea' id='block_1_3' title="bbox 0 0 1174 4628">
    <p class='ocr_par' dir='ltr' id='par_1_6' title="bbox 0 0 1174 4628">
     <span class='ocr_line' id='line_1_33' title="bbox 0 0 1174 4628; baseline 0 1"><span class='ocrx_word' id='word_1_239' title='bbox 0 0 1174 4628; x_wconf 95' lang='lat' dir='ltr'> </span> 
     </span>
    </p>
   </div>
  </div>
 </body>
</html>
