2340 4628
169 688 235 743 ποι
404 665 896 743 ΒΕΟΗΙΟΙΗ

158 832 323 923 pecuniam
347 835 403 925 qui
426 835 556 918 habrae,
577 858 643 903 nort
667 831 853 930 rrddidrstn
871 834 927 927 qn·
946 833 1127 923 reddiderit,

162 966 226 1011 ror
244 943 373 1013 haben:
388 944 524 1038 gratiam
538 937 686 1012 aurem&
701 944 757 1035 qui
774 944 1076 1029 retulerimhbm
1090 939 1127 1015 6·

161 1053 216 1144 qui
232 1054 357 1136 habear,
380 1049 519 1149 remuffl.
542 1056 609 1138 At,
622 1048 679 1148 qui
699 1050 731 1120 se
751 1048 957 1144 lompletet,
972 1049 1126 1123 honon-

161 1176 239 1245 tos,
252 1161 368 1235 beatos
384 1177 524 1257 putant,
543 1159 578 1231 hi
596 1184 637 1231 ne
651 1158 790 1256 obligari
802 1157 941 1254 quidem
953 1155 1122 1232 beneficio

161 1266 294 1342 volunt.
318 1267 400 1366 quin
418 1269 517 1341 etiam
541 1265 737 1341 beneficium
759 1266 791 1338 se
810 1265 935 1339 dediffe
954 1267 1122 1341 arbitran-

159 1392 227 1466 tur,
241 1400 317 1449 cum
332 1376 404 1473 ipfi‚
418 1377 572 1475 quamvis
586 1399 741 1472 magnum
754 1375 892 1471 aliquod
911 1375 1120 1473 acceperim

157 1502 255 1581 atque
269 1485 400 1559 etiamr
418 1486 450 1558 se
465 1504 520 1557 aut
539 1485 712 1581 postulari,
726 1502 783 1557 aut
796 1483 978 1582 exspeflzti
994 1482 1120 1582 aliqud

155 1592 376 1690 suspicantur:
407 1592 594 1687 patrocinio
622 1615 707 1665 vero
735 1590 768 1664 se
798 1591 897 1680 usos,
921 1610 956 1664 et
980 1589 1122 1666 clientes·

106 1722 139 1772 70
157 1700 329 1796 appellari,
350 1699 467 1772 mortis
490 1698 587 1770 instar
604 1717 729 1795 putant.
751 1707 795 1771 At
813 1723 899 1773 vero
915 1698 973 1775 ille
991 1700 1116 1787 tenuis,

155 1835 232 1883 cum
246 1862 257 1897 ,
273 1809 436 1908 quidquid
456 1807 579 1881 faiium
602 1807 660 1893 su,
679 1810 711 1883 se
732 1798 1023 1906 speiirtumrooo
1042 1809 1116 1883 for·

155 1934 268 1989 tunam
294 1934 407 2013 putet,
433 1942 504 1990 non
526 1919 632 1991 modo
652 1918 720 2006 illi,
734 1917 791 2015 qui
812 1917 860 1989 est
883 1920 1041 2006 merium,
1059 1919 1115 2005 sed

153 2028 253 2103 etiam
284 2028 367 2117 illis,
389 2029 548 2127 aquibus
575 2029 752 2125 exspeaau
780 2026 881 2126 (eget
902 2027 995 2103 enim
1025 2030 1114 2101 mul-

153 2139 194 2211 tis
208 2136 244 2237 ,)
261 2157 389 2238 gratum
416 2138 448 2213 se
472 2140 580 2213 videri
606 2138 721 2213 studet.
758 2162 975 2237 nequeaevero
1001 2140 1112 2214 verbis

152 2268 249 2347 auget
272 2251 364 2322 suum
383 2275 520 2341 munus,
533 2248 558 2319 st
572 2273 643 2346 quo
656 2248 744 2321 forte
756 2247 928 2344 fungitur,
944 2246 1002 2321 sed
1013 2248 1111 2321 etiam

151 2378 315 2431 extenuat.
337 2356 593 2455 Videndumque
616 2357 698 2429 illud
717 2354 785 2447 est,
807 2355 900 2453 quod
920 2355 945 2427 fi
969 2357 1112 2453 opulen-

152 2486 222 2541 tum
240 2468 508 2569 fortunatumque
526 2468 725 2557 defendetis,
738 2469 772 2540 in
786 2468 846 2540 illo
863 2486 1025 2558 uoo‚aut
1038 2468 1111 2543 for

151 2595 185 2650 te
203 2578 236 2649 iu
257 2577 367 2651 liberis
380 2580 469 2667 eius,
483 2598 593 2651 manet
616 2578 741 2673 gratia:
765 2578 812 2649 sm
824 2598 936 2651 autem
948 2577 1109 2676 inopem,

149 2688 292 2781 probum
321 2705 429 2759 tamen
454 2706 487 2761 et
511 2686 716 2771 modestum
730 2710 847 2760 omues
869 2709 939 2757 non
959 2687 1109 2787 improbi

150 2795 288 2867 humiles
317 2800 431 2893 (quae
452 2821 568 2893 magua
593 2796 627 2867 in
656 2798 783 2892 populo
816 2797 998 2873 multitudo
1029 2799 1107 2896 est)

149 2903 346 3001 praesidium
371 2905 429 2976 fibi
453 2925 601 3001 paratum
631 2904 758 2976 vident.
783 2906 1019 2998 Quamobrem
1037 2936 1109 2984 me·

148 3015 306 3111 lituapud
319 3015 446 3103 bonos,
466 3038 564 3111 quam
581 3015 668 3110 apud
690 3014 873 3088 fortunatos
880 3014 1106 3101 ,beneficium

99 3158 128 3209 ⁷¹
148 3124 306 3201 collocari
328 3134 419 3220 puto.
444 3124 568 3196 Danda
589 3123 729 3195 omnino
745 3147 848 3220 opere
864 3124 934 3211 est,
952 3145 992 3199 ut
1011 3127 1106 3203 omui

145 3233 258 3335 generi
280 3232 460 3308 satisfacere
487 3232 655 3329 poffimus.
674 3232 764 3304 sedst
782 3256 834 3307 res
854 3232 890 3305 iu
915 3233 1105 3309 contentio·

146 3369 222 3419 nem
241 3345 370 3433 veniet,
392 3343 548 3417 nimirum
562 3341 801 3415 Themistocles
818 3340 864 3414 est
878 3342 993 3415 metor
1007 3344 1105 3416 adhi-

145 3452 273 3527 bendus
285 3480 296 3535 ;
318 3452 375 3549 qui
402 3477 479 3525 cum
503 3452 744 3537 consuleretur,
763 3467 876 3557 utrum
895 3450 999 3538 ‚bono
1024 3453 1104 3527 viro

147 3562 304 3657 pauperi,
324 3586 365 3631 an
385 3562 493 3633 minus
506 3561 648 3656 probato
661 3557 758 3632 diviti
776 3556 878 3631 filiam
891 3558 1100 3634 'collocatur

145 3672 218 3764 Ego
231 3694 310 3753 vero,
325 3666 445 3764 iuquit,
457 3677 541 3741 malo
550 3673 662 3759 virum,
673 3674 726 3763 qui
735 3672 868 3762 pecunia
881 3693 985 3765 egeat,
1003 3699 1100 3765 qum

142 3779 327 3875 pecuniam,
342 3803 419 3868 quat
431 3779 509 3847 viro.
533 3779 596 3850 Sed
611 3775 759 3874 corrupti
771 3800 884 3850 mores
908 3778 1101 3874 depravati·

144 3908 210 3983 que
232 3883 304 3957 sunt
327 3884 541 3959 admiratione
563 3887 780 3961 divitiarum:
805 3912 947 3984 quarum
966 3886 1099 3986 magni·

145 3995 228 4067 tudo
248 3993 326 4087 quid
346 3994 385 4066 ad
407 4019 678 4093 unumquemque
699 3995 846 4070 nostrum
868 3998 1036 4094 pertinet?
1053 4000 1099 4072 11·

144 4102 211 4183 lum
232 4102 361 4181 fonaffe
382 4103 536 4200 adiuvat,
549 4105 607 4203 qui
624 4105 722 4183 habet
733 4133 742 4180 ε
755 4130 797 4183 ne
815 4106 1000 4207 idquidem
1014 4107 1098 4193 sem,-
