2340 4628
125 636 196 709 ²5²
282 612 336 683 Μ.
371 612 589 685 TULLII
624 608 971 686 CICERONIS

25 818 45 859 0
122 770 1081 870 buiffevideauttttiuquibanctemptblicamtampr*

123 878 211 949 clare
238 876 406 951 fitndatam
434 880 534 951 nobis
563 880 793 977 reliquerunt,
816 902 875 951 aut
902 872 1081 977 argentiad

124 986 392 1071 avaritiamne
414 990 656 1062 amoenitatum
677 990 721 1060 ad
741 990 1019 1075 detestationem,
1036 1002 1083 1059 att

26 1084 41 1123 '
125 1093 330 1191 supellefiliiis
342 1096 385 1165 ad
398 1095 547 1184 delicias,
556 1116 613 1167 aut
628 1097 801 1193 epularum
815 1096 861 1168 ad
873 1092 1082 1189 voluptatesl

124 1204 244 1277 Ponite
268 1224 343 1275 ante
361 1204 482 1276 oculos
499 1228 774 1301 uumquemque
790 1228 921 1302 regum.
944 1202 1082 1277 Vultisr

126 1312 298 1385 ltomulo?
315 1314 418 1385 vultis
430 1310 506 1408 poll
524 1312 663 1384 liberam
672 1310 848 1387 civitatem
860 1360 873 1397 ‚
887 1311 986 1385 abiis
998 1310 1081 1408 iplis,

126 1424 186 1519 qui
198 1422 424 1495 liberaventnt
434 1421 533 1494 eant?
546 1419 683 1513 Quibus
698 1420 837 1491 tandem
853 1420 1012 1519 gradibus
1023 1422 1083 1491 llo·

125 1532 233 1603 mulus
251 1530 397 1603 escendit
408 1527 584 1601 incoelum
601 1528 617 1600 l
642 1528 745 1613 iisne,
758 1553 847 1626 quae
859 1528 912 1601 iffi
924 1528 1016 1601 bona
1031 1548 1082 1621 ap·

126 1639 275 1735 pellant?
300 1663 343 1710 an
364 1638 464 1712 rebus
488 1637 586 1736 gellis
606 1660 707 1735 atque
727 1637 938 1711 virtutibus?
969 1634 1081 1731 Quidl
1122 1738 1124 1743 Ι

125 1748 267 1817 aNuma
282 1746 478 1842 Pompilio?
502 1746 657 1818 minusne
681 1766 788 1843 gratas
811 1743 1083 1821 diisimmonali·
1122 1776 1124 1783 ·

128 1856 188 1927 bus
209 1857 385 1951 capedines
407 1880 446 1928 ac
472 1852 588 1927 fictiles
612 1856 749 1927 urnulas
765 1854 886 1945 suille,
904 1880 1007 1954 quam
1027 1852 1083 1926 stli-

125 1990 215 2041 cattas
226 1966 370 2040 aliorum
385 1987 514 2062 pateras
527 1966 748 2038 arbitramur?
766 1966 905 2039 Omitto
922 1966 1084 2065 reliquos:

126 2076 200 2149 sunt
211 2076 303 2148 enim
327 2098 445 2147 omnes
461 2100 558 2170 pates
578 2074 667 2147 inter
684 2072 739 2159 se,
753 2092 884 2170 praeter
895 2075 1085 2170 Superbum.

126 2188 264 2259 Brutum
278 2186 389 2285 liquis
408 2204 526 2283 roget,
545 2184 630 2282 quid
647 2185 752 2283 egerit
768 2184 804 2255 in
818 2184 927 2281 patria
947 2186 1085 2259 liberam

125 2301 232 2387 da;fi
257 2302 332 2400 quis
357 2301 436 2373 iteln
458 2301 605 2399 reliquos
630 2299 781 2374 eiusdem
810 2299 941 2373 confilii
960 2298 1086 2385 socios,

125 2409 210 2507 quid
232 2409 465 2510 spellaverint,
492 2412 576 2507 quid
600 2410 704 2483 secuti
724 2408 806 2491 lint3
831 2435 912 2481 num
930 2408 1005 2507 quis
1030 2434 1085 2481 ex·

125 2516 229 2605 sistet,
249 2521 303 2592 cui
315 2520 489 2615 voluptas,
503 2520 556 2591 cui
569 2518 724 2608 divitiae,
758 2516 813 2590 cui
830 2516 977 2616 denique
997 2541 1087 2615 prae·

126 2646 179 2700 ter
197 2627 348 2703 officium
368 2626 465 2699 sortis
489 2645 523 2699 et
548 2629 661 2725 magni
687 2630 771 2715 viri,
794 2628 980 2726 quidquam
1002 2623 1085 2698 aliud

125 2735 334 2833 propositum
347 2733 442 2806 fuiffe
457 2736 630 2808 videatur?
647 2739 743 2829 Quae
757 2761 811 2810 res
825 2738 868 2809 ad
886 2761 1003 2809 necem
1013 2739 1087 2808 Pot-

125 2842 242 2915 sennae
255 2842 296 2913 C.
308 2840 460 2913 Mucium
475 2842 623 2939 impulit,
640 2845 707 2919 stne
719 2848 784 2920 ulla
798 2846 854 2943 spe
867 2846 978 2919 salutis
990 2844 1086 2920 suae?

126 2950 288 3048 quaevis
317 2946 483 3022 Coclitem
511 2972 630 3025 contra
653 2979 771 3028 omnes
803 2953 949 3027 hostium
976 2954 1088 3051 cop'ns

125 3060 230 3135 tenuit
249 3058 284 3134 in
298 3077 403 3158 ponte
416 3060 523 3133 solum
539 3063 554 3135 l
573 3088 659 3159 quae
679 3086 806 3160 patrem
817 3063 1088 3161 Decium,quae

125 3166 230 3243 filium
252 3169 445 3255 devotavit,
458 3189 559 3268 atque
572 3171 707 3243 immisit
721 3174 756 3244 in
780 3192 920 3246 armatas
945 3170 1089 3245 hostium

126 3276 265 3371 copias?
293 3275 386 3371 Quid
409 3277 612 3352 continentia
625 3280 666 3350 C.
684 3278 1090 3376 Fabricii,quidtenuitas

126 3386 233 3461 villus
258 3386 317 3459 Μ’.
340 3387 435 3459 Curii
454 3387 672 3484 sequebatur?
694 3389 788 3479 Quid
808 3388 878 3460 duo
895 3413 1090 3486 propugna-

126 3495 201 3567 cula
219 3496 294 3568 belli
312 3495 525 3584 Punici,Cn.
543 3514 576 3568 et
593 3499 628 3568 P.
641 3496 829 3593 Scipiones,
843 3494 904 3594 qui
915 3494 1091 3593 Carthagi-

126 3599 286 3674 nienfium
299 3605 479 3679 adventum
502 3605 700 3703 corporibus
717 3605 780 3678 suis
798 3603 1091 3678 intercludendum

127 3712 353 3804 putaverunt?
380 3715 462 3811 quid
482 3714 654 3789 Africanus
682 3714 815 3787 maior?
838 3712 922 3811 quid
944 3711 1089 3786 minori

127 3816 209 3914 quid
221 3816 305 3889 inter
320 3820 441 3894 borum
460 3842 579 3899 aetates
595 3824 784 3898 interiedus
803 3826 919 3897 Cato?
937 3822 1019 3920 quid
1032 3822 1089 3894 in·

128 3926 346 4001 numerabiles
364 3930 440 4004 alii?
464 3959 540 4007 nam
562 3933 751 4008 domesticis
767 3932 928 4029 exemplis
942 3932 1091 4004 abunda·

129 4060 225 4112 mus:
243 4038 399 4140 cogitaffe
416 4062 589 4141 putamus,
607 4043 787 4145 quidquam
804 4043 840 4117 in
853 4040 924 4121 vita
944 4038 1006 4115 libi
1023 4064 1087 4114 ex·
