2340 4628
180 684 249 755 170
430 658 633 732 caro
680 658 933 735 urion

174 823 217 896 ad
239 823 414 917 Capuam,
438 820 624 919 quintoque
643 842 734 893 anno
764 818 839 919 poll
867 820 912 893 ad
932 820 1128 895 Tarentum!

176 930 330 1029 quaeslor
349 929 468 1005 deinde
490 929 709 1030 quadriennio
728 928 805 1026 poll
818 928 923 1005 fiam
934 930 1127 1030 sum,qucn

177 1035 398 1133 magistratum
415 1035 493 1135 gelli
511 1035 701 1110 consulibus
719 1036 893 1111 Tuditano
913 1056 950 1113 et
965 1038 1127 1135 Cttltego,

177 1169 253 1219 cum
271 1143 408 1243 quidem
428 1142 484 1215 ille
508 1141 690 1215 admodum
708 1142 829 1230 senex,
842 1142 1127 1241 suasorlegissin·

178 1256 248 1329 ciac
260 1254 302 1329 de
314 1254 412 1328 donis
423 1270 458 1326 et
470 1252 661 1326 muneribus
672 1253 746 1327 fuit
766 1254 823 1327 hic
841 1272 878 1327 et
889 1252 979 1327 hetta
994 1252 1127 1352 gerebat,

178 1382 215 1437 ut
227 1364 435 1454 adolescens,
448 1388 525 1437 cum
540 1363 635 1460 plane
648 1364 781 1461 grandis
797 1362 898 1451 ell'et;
918 1382 955 1437 et
971 1363 1126 1437 flamine·

178 1472 242 1545 lem
260 1472 449 1548 iuveniliter
463 1469 681 1545 exsultantem
694 1472 852 1569 patientia
872 1474 930 1548 sua
943 1471 1125 1549 molliebat:

178 1582 221 1657 de
234 1606 304 1681 quo
316 1579 480 1679 praeclare
495 1575 665 1651 familiaris
678 1576 791 1651 noster
803 1578 953 1656 Ennius:

254 1698 353 1764 Unus
371 1693 427 1785 qui
440 1691 531 1761 nobis
550 1690 724 1760 tundendo
735 1692 866 1791 restituit
875 1718 952 1766 rem.
1164 1722 1166 1783 q

251 1802 330 1869 Non
340 1801 476 1891 ponebar
488 1800 572 1869 enim
585 1824 718 1870 rumores
731 1800 961 1891 auresabeum.

250 1911 336 2004 Ergo
351 1910 511 2003 magisque
523 1912 681 2004 magisque
693 1910 760 1979 uiri
770 1936 857 1980 nunc
864 1912 972 2004 gloria
981 1916 1081 1983 eleseu·

128 2054 158 2093 ιι
177 2018 359 2093 Tarentum
377 2042 463 2091 vero
476 2043 541 2115 qua
555 2017 738 2115 vigilantia,
752 2044 822 2118 quo
834 2020 977 2097 confilio
988 2016 1128 2119 recepit?

178 2153 254 2201 cum
268 2125 426 2226 quidem,
445 2150 499 2199 me
518 2126 691 2217 audiente,
715 2128 1006 2228 Salinatori,qui,
1025 2124 1129 2203 amiso

177 2242 326 2339 oppido,
340 2240 468 2338 fugerat
490 2238 526 2312 in
541 2264 677 2329 arcem,
701 2239 880 2337 glorianti,
897 2256 1002 2339 atque
1020 2240 1067 2315 ita
1084 2238 1129 2311 di·

178 2349 267 2423 tenti
288 2376 297 2422 ι
328 2352 405 2421 Mea
418 2370 544 2443 opera,
571 2349 616 2439 Q.
633 2346 733 2436 Fabi,
758 2349 940 2419 Tarentum
965 2346 1128 2445 recepisti:

177 2461 276 2543 Certe,
292 2455 401 2555 inquit
423 2456 555 2530 ridens:
571 2485 648 2530 ιιαιιι
661 2458 726 2555 nist
743 2482 778 2528 ιιι
800 2461 868 2529 ami
878 2454 962 2557 effes,
976 2484 1131 2553 nimquam

176 2566 354 2665 recepissem.
377 2569 449 2639 Nec
469 2567 603 2639 veroin
621 2568 720 2641 armis
736 2568 1087 2669 praestantior,quam
1098 2568 1130 2640 in

176 2694 254 2770 toga
268 2701 277 2746 :
299 2672 358 2771 qiri
372 2672 485 2745 consul
499 2673 636 2760 iterum,
649 2677 704 2770 Sp.
717 2675 871 2748 Carvilio
885 2675 1016 2774 collega
1033 2674 1131 2775 quies·

176 2803 291 2868 cente,
318 2784 358 2852 C.
377 2780 539 2852 Flaminio
562 2782 699 2856 tribuno
713 2784 844 2881 plebis,
865 2787 978 2882 quoad
1004 2780 1131 2882 potuit,

175 2888 310 2976 restitit,
324 2913 440 2985 agrum
455 2888 621 2962 Picentem
639 2909 673 2963 et
686 2891 855 2967 Gallicum
875 2891 1008 2967 viritim
1024 2910 1132 2967 tonna

176 3000 304 3075 senatus
321 3001 549 3074 auctoritatem
563 3001 747 3076 dividentia
769 3027 937 3102 augurque
946 3028 1027 3079 cum
1043 3002 1133 3088 esset,

175 3113 285 3186 dicere
300 3110 393 3185 ausus
408 3109 628 3208 esl,optim'1s
646 3111 800 3211 auspiciis
814 3138 853 3187 ea
866 3112 961 3212 geri,
976 3139 1062 3212 quae
1074 3134 1132 3212 pro

175 3220 375 3319 reipublicae
402 3218 501 3293 salute
523 3237 740 3318 gererentut3
775 3246 861 3321 quae
894 3244 1014 3296 contra
1048 3243 1131 3295 rem·

130 3372 158 3413 n
175 3336 341 3433 publicam
367 3333 558 3422 ferrentur,
585 3355 702 3408 contra
729 3331 871 3430 auspicia
903 3322 994 3409 serti.
1031 3332 1132 3407 Multa

176 3445 210 3513 in
225 3468 268 3515 eo
287 3446 365 3519 viro
380 3443 546 3541 praeclara
568 3442 743 3542 cognovi:
768 3441 824 3515 sed
846 3441 930 3513 nihil
953 3440 1002 3514 ell
1025 3440 1131 3517 admi·

175 3553 331 3642 rabilius,
357 3580 457 3652 quam
482 3554 663 3653 quomodo
689 3553 744 3625 ille
769 3568 916 3626 mortem
941 3549 1003 3625 filii
1041 3550 1131 3639 tulit,

176 3660 255 3731 clari
279 3660 363 3751 viri,
390 3683 423 3736 et
444 3661 633 3739 consularis.
656 3662 704 3737 est
729 3662 764 3735 in
791 3661 944 3735 manibus
969 3662 1134 3737 laudatior

175 3794 275 3868 quam
296 3797 373 3844 curn
391 3774 550 3870 legimus,
570 3799 671 3871 quem
691 3770 929 3871 philosophum
956 3795 1031 3846 non
1052 3796 1132 3848 cou-

175 3878 379 3952 temnimus?
395 3904 456 3955 nec
467 3906 551 3956 veto
563 3883 617 3956 ille
630 3882 666 3955 in
678 3883 752 3958 luce
765 3881 885 3967 modo,
893 3898 992 3980 atque
1006 3882 1043 3955 in
1055 3906 1133 3957 ocu·

175 3989 214 4066 lis
238 3989 362 4063 civium
378 4015 515 4089 magnus
529 4019 541 4080 3
555 3992 610 4066 sed
623 3993 711 4067 intur
725 3992 888 4091 domique
909 3991 1132 4089 praestantior.

175 4098 234 4203 qui
254 4099 363 4176 sermo
377 4099 391 4175 l
410 4123 496 4205 quae
510 4102 708 4202 praecepta?
723 4119 845 4202 quanta
856 4101 978 4179 notitia
993 4098 1133 4203 antiqui·¹
