2340 4628
477 382 482 403 ι
863 364 867 371 .

308 674 384 747 nu
434 674 734 751 nurcrrrn
930 694 999 775 239
1068 682 1071 689 ·

68 860 108 928 aa,
119 853 239 911 exorta
247 836 354 935 aliqua
362 835 558 926 offenfione,
567 836 794 935 drrumprmus
806 838 889 931 Quo
898 858 999 913 ettam
1022 872 1064 944 23

68 949 142 1047 tagis
161 949 382 1045 vituperanda
403 947 515 1020 estrei
536 948 681 1022 maxime
701 947 893 1026 necessariae
911 969 1000 1023 tanta
1021 978 1053 1029 so

68 1058 173 1132 curia.
198 1063 276 1133 Una
287 1058 334 1131 est
345 1059 437 1132 enim
451 1056 595 1131 amicitia
607 1058 643 1129 in
656 1058 756 1131 rebus
774 1058 947 1150 humanis,
960 1059 1065 1131 de

68 1168 282 1243 uiuunlrtate
291 1194 409 1243 omnes
419 1192 490 1242 uno
500 1192 560 1241 ore
571 1166 791 1241 consentiunt
800 1192 1003 1267 quamquam

68 1282 185 1355 multis
197 1280 267 1378 ipsa
279 1283 387 1355 virtus
403 1281 651 1370 contemnitur,
663 1300 697 1355 et
711 1280 897 1356 venditatio
910 1296 1005 1379 quae2

68 1414 234 1490 amatque
254 1391 430 1466 ostentatio
445 1388 511 1464 effe
531 1390 663 1464 dicitur.
681 1390 780 1463 multi
796 1388 930 1464 divitias
944 1378 1023 1463 ‹te-'³

68 1502 200 1593 icium,
217 1526 305 1601 quos
322 1526 431 1599 parvo
449 1520 628 1576 contentos
644 1500 750 1575 tenuis
764 1502 869 1577 vidus
882 1498 1005 1577 cultus-³

67 1638 101 1687 re
113 1613 272 1685 delediat:
287 1613 439 1699 honores,
447 1640 550 1699 vero,
565 1628 713 1712 quorum
730 1613 910 1713 cupiditate
924 1616 1005 1715 quia

68 1746 114 1794 un
127 1720 398 1809 inflammantur,
413 1730 512 1819 quam
533 1722 629 1796 multi
647 1722 693 1795 ita
713 1724 954 1811 contemnunt,
968 1744 1008 1797 ut

70 1830 121 1902 hil
134 1829 277 1916 inanius,
289 1830 370 1902 nibil
384 1828 490 1903 levius
503 1830 568 1903 effe
581 1822 948 1933 existimentiitemque
958 1858 1007 1907 ce
1056 1926 1064 1935 ,
1125 1904 1128 1909 .

68 1962 127 2031 ru,
138 1964 226 2037 quae
234 1940 431 2037 quibusdam
441 1940 645 2013 admirabilia
660 1941 836 2032 videntur,
850 1942 1007 2039 permulti
1028 1960 1041 1989 ·'
1059 1960 1065 1969 '
1114 1996 1117 2001 -

68 2050 206 2147 ,nt·,qui
230 2074 295 2145 pro
318 2050 424 2120 nihilo
444 2068 570 2147 putent.
593 2050 635 2123 de
658 2048 801 2126 amicitia
824 2076 943 2125 omnes
959 2052 1008 2126 ad

68 2184 144 2231 rum
171 2159 260 2230 idem
276 2156 438 2257 sentiunt3
461 2179 494 2231 et
515 2159 557 2250 ii,
571 2160 629 2258 qui
651 2161 693 2232 atl
714 2162 951 2257 rempublicam
974 2163 1007 2243 se

68 2269 278 2354 >ntulerun13
292 2285 326 2339 et
339 2267 376 2352 ii,
387 2269 446 2366 qui
455 2294 568 2340 rerum
581 2269 777 2367 cognitione
790 2270 1008 2369 dodlrinaque

68 2379 248 2450 eledlantur
263 2403 273 2459 ;
291 2394 324 2448 et
343 2377 382 2465 ii,
394 2376 453 2474 qui
468 2376 559 2448 suum
575 2377 746 2473 negotium
761 2398 880 2474 gerunt
894 2376 1009 2468 otiofi3¹

68 2485 216 2560 ostremo
229 2486 271 2575 ii,
286 2486 344 2583 qui
368 2484 402 2556 se
422 2503 516 2556 totos
538 2484 743 2557 tradiderunt
763 2483 1008 2578 voluptatibus,
1115 2471 1121 2482 ’

68 2621 109 2667 ne
122 2594 273 2668 amicitia
286 2595 387 2667 vitam
403 2592 470 2665 elle
484 2592 607 2663 nullam
621 2590 781 2681 sentiunt,
795 2589 818 2660 st
834 2590 939 2662 modo
952 2618 1010 2666 ve·

68 2725 101 2780 nt
121 2708 235 2804 aliqua
252 2731 295 2777 ex
315 2730 408 2801 parte
429 2704 608 2777 liberaliter
628 2703 758 2777 vivere.
780 2702 881 2799 serpit
900 2705 1012 2794 enim,

68 2816 158 2889 escio
179 2816 376 2913 quomodo,
397 2838 457 2910 per
481 2811 633 2884 omnium
658 2810 743 2886 vitas
767 2812 932 2900 amicitia3
947 2840 1011 2889 nec

68 2924 144 2995 llam
165 2923 278 2996 aetatis
298 2925 463 3020 degendae
480 2921 646 2994 rationem
659 2921 786 3018 'patitur
807 2922 873 2995 elle
889 2928 1010 3019 expero'

68 3034 184 3108 tmfiri.
209 3022 302 3128 Quin
321 3038 420 3107 etiam
436 3034 458 3105 fi
474 3035 547 3132 quis
566 3060 606 3108 ea
620 3034 792 3130 asperitate
809 3033 873 3123 est,
891 3058 924 3107 et
943 3035 1006 3106 im·
1028 3056 1061 3120 t,-

68 3142 202 3215 nanitate
221 3165 370 3233 naturae,
392 3144 581 3242 congressus
595 3167 632 3217 ut
645 3145 820 3214 hominum
836 3143 940 3239 fugiat
961 3166 1010 3216 at-

68 3279 112 3327 ue
127 3253 259 3345 oderit,
274 3255 403 3353 qualem
420 3253 514 3327 firisle
535 3253 671 3326 Athenis
692 3254 875 3323 'liimonem
896 3250 1010 3323 nescio

68 3390 146 3460 uem
160 3364 368 3461 accepimus,
382 3388 492 3438 tamen
505 3388 532 3436 rs
546 3384 613 3459 patr
625 3386 694 3433 non
704 3359 868 3458 possrt‚ut
878 3382 946 3429 non
957 3384 1013 3431 an
1075 3422 1081 3435 .

68 3472 156 3567 purat
172 3472 338 3570 aliquem,
353 3474 439 3594 apud
454 3498 553 3569 quem
568 3488 707 3543 evomat
716 3467 812 3540 ¹virus
827 3467 1014 3545 acerbitatis

68 3606 134 3655 uae.
143 3586 254 3676 Atque
269 3580 335 3654 hoc
347 3580 489 3651 maxime
499 3578 716 3660 iudicaretur,
727 3573 749 3643 sr
760 3571 841 3668 quid
857 3573 920 3646 tale
933 3574 1013 3674 posi

68 3686 323 3787 ctcontingere,
337 3709 373 3761 ut
387 3688 506 3786 aliquis
519 3713 582 3760 nos
596 3689 676 3758 deus
692 3678 743 3756 ert¹
754 3684 815 3754 hac
835 3684 1012 3760 hominum

68 3797 239 3895 'requentia
257 3798 406 3883 tolleret,
419 3816 452 3869 et
470 3799 505 3868 in
524 3795 700 3868 solitudine
717 3794 841 3890 ulpiam
863 3795 1014 3870 colloca·

68 3920 116 3993 et,
127 3924 227 4001 atque
240 3905 288 3976 ibi
306 3903 516 4000 suppeditans
535 3901 687 3971 omnium
706 3925 839 3986 rerum,
854 3928 935 3996 quas
953 3918 1015 3976 na·=

68 4038 123 4086 ura
137 4014 313 4101 desiderat,
324 4014 557 4085 abundantiam
567 4035 601 4083 et
615 4012 748 4106 copiam
758 4060 771 4097 ,
780 4014 926 4084 hominis
939 4038 1015 4085 orn·

68 4122 130 4198 ino
150 4120 355 4220 adspiciendi
371 4120 567 4220 potestatem
586 4121 738 4217 eriperet
760 4123 835 4220 quis
852 4143 921 4195 tam
935 4120 1016 4195 edet
