2340 4628
173 617 240 715 ηε
425 608 628 689 ciro
675 604 928 684 astron
1013 648 1052 729 ,-

168 774 390 865 novitium,
420 770 660 847 adolescentiae
685 770 776 845 vitiis
810 770 954 844 efficitur
980 768 1130 870 sapim

167 915 267 989 quam
277 886 460 962 senestutis.
471 882 642 957 libidinosa
650 882 1128 979 etenimetintemperansado

120 1033 154 1087 ,ο
167 998 320 1073 lescentia
331 996 490 1070 effoetum
501 1018 623 1091 corpus
637 994 737 1065 tradit
747 993 915 1066 senesiuti.
929 994 1045 1094 Cyrus
1056 994 1126 1095 qui·

165 1110 243 1184 dem
255 1109 343 1207 apud
353 1105 617 1203 Xenophontem
629 1128 673 1176 eo
683 1102 855 1191 sermone,
869 1128 973 1202 quem
981 1105 1125 1199 morium

164 1218 297 1306 hahuit,
310 1241 387 1291 cum
405 1214 590 1288 admodum
604 1211 700 1284 senex
713 1209 810 1299 esset,
822 1230 919 1310 negat
932 1211 966 1284 se
978 1236 1122 1311 uuquam

164 1325 308 1418 senstll'e,
343 1328 539 1401 senestutem
575 1324 664 1396 suam
696 1322 950 1395 imbecilliorem
984 1323 1123 1415 sesiam,

162 1460 263 1537 quam
282 1435 500 1509 adolescentia
518 1432 635 1506 suisset.
658 1435 733 1530 Ego
746 1435 783 1504 l..
798 1432 970 1506 Metellum
989 1435 1121 1509 memini

161 1571 245 1645 puer
264 1544 347 1643 (qui
375 1568 453 1615 cum
470 1539 690 1639 quadriennio
714 1539 789 1638 post
808 1540 950 1616 alterum
969 1546 1121 1619 consula·

161 1676 233 1731 tum
257 1653 410 1751 pontifex
434 1651 597 1723 maximus
617 1650 723 1725 saslus
744 1650 1024 1751 ellet,vigintiet
1040 1657 1120 1732 duos

160 1790 267 1840 annos
286 1765 320 1837 ei
337 1762 524 1837 sacerdotio
544 1761 711 1855 praefuit)
730 1760 774 1832 ita
792 1761 890 1835 bonis
909 1763 978 1839 esse
998 1767 1119 1841 viribus

160 1898 313 1951 extremo
335 1894 490 1968 tempore
507 1872 637 1959 aetatis,
651 1890 687 1944 ut
706 1872 958 1951 adolescentiam
976 1903 1047 1952 non
1066 1904 1118 1953 re·

158 1985 316 2084 quireret.
339 1980 432 2054 Nihil
454 1977 581 2053 necesse
602 1978 649 2050 ell
666 1979 748 2051 mibi
771 1981 813 2053 de
829 1983 974 2079 meipso
991 1986 1126 2074 dicere3·

159 2120 361 2194 quamquam
384 2092 431 2166 ell
451 2092 486 2164 id
509 2090 646 2187 quidem
669 2089 787 2181 senile,
806 2090 969 2189 aetatique
993 2096 1118 2170 notlrae

102 2228 145 2278 to
161 2203 364 2277 conceditur.
378 2200 573 2288 Videtisne,
586 2223 623 2272 ut
635 2202 724 2296 apud
737 2202 924 2275 Homerum
940 2205 1118 2302 saepiffine

49 2338 55 2361 ¹
113 2338 142 2389 3¹
159 2311 282 2387 Nestor
305 2312 347 2384 de
371 2310 551 2384 virtutibus
575 2309 638 2383 suis
664 2309 855 2408 praedicet?
877 2315 1008 2387 tertiam
1030 2318 1116 2389 enim

126 2464 128 2469 ·
157 2421 223 2495 iam
244 2439 383 2496 aetatem
404 2422 581 2493 hominum
600 2421 759 2505 vivebar;
775 2445 837 2492 nec
855 2441 927 2493 erat
946 2422 978 2494 ei
1000 2449 1118 2498 veren-

159 2532 259 2619 dum,
273 2555 315 2603 ne
328 2555 408 2605 vera
422 2531 463 2602 de
479 2529 511 2605 se
532 2530 740 2628 praedicans,
752 2528 850 2602 nimis
869 2530 1043 2606 videretur
1064 2556 1117 2607 aut

158 2639 317 2728 insolens,
340 2656 395 2713 aut
415 2639 550 2736 loquax.
572 2639 695 2710 etenim
711 2639 777 2729 (ut
794 2637 840 2709 ait
859 2639 1057 2740 Homerus)
1078 2664 1117 2717 er

81 2764 84 2769 ’
159 2748 229 2820 eius
250 2747 361 2840 lingua
386 2743 482 2815 melle
507 2743 640 2815 dulcior
665 2744 787 2817 fluebat
808 2748 940 2831 oratio;
958 2774 1060 2846 quam
1077 2752 1115 2824 ad

159 2858 353 2933 suavitatem
376 2856 472 2927 nullis
494 2855 610 2953 egebat
631 2858 786 2952 corporis
806 2856 949 2930 viribus:
962 2879 996 2930 et
1009 2881 1114 2934 tamen

158 2964 228 3037 dux
247 2961 300 3032 ille
322 2959 481 3032 Graeciae
499 2983 661 3056 nusquam
681 2980 795 3057 optat,
812 2984 850 3036 ut
869 2963 978 3039 aiacis
1000 2965 1114 3041 similes

157 3074 275 3151 habeat
290 3074 424 3161 decem,
434 3089 467 3141 at
479 3088 515 3141 ut
529 3064 701 3156 Nestoris;
715 3075 808 3169 quod
823 3073 1115 3166 stacciderit,non

111 3214 144 3269 3²
159 3184 304 3271 dubitat,
315 3180 398 3279 quin
414 3180 511 3256 brevi
526 3177 631 3252 Troia
645 3179 683 3251 stt
702 3181 860 3275 peritura.
882 3183 948 3255 Sed
959 3183 1065 3259 redeo
1074 3187 1114 3261 ad

35 3316 52 3339 ⁸
158 3320 225 3367 me.
242 3310 396 3392 quartum
410 3316 535 3363 annum
553 3314 618 3387 ago
631 3306 663 3361 et
675 3291 938 3388 oslogesrmum:
959 3295 1114 3392 equidem

158 3403 251 3500 polle
265 3402 385 3476 vellem
399 3401 488 3475 idem
501 3402 661 3498 gloriari,
674 3405 767 3498 quod
780 3403 914 3500 Cyrus;
938 3403 994 3476 sed
1008 3427 1115 3479 tameo

156 3514 224 3586 boc
246 3539 335 3608 queo
359 3512 491 3597 dicere,
510 3538 648 3584 nonme
671 3513 806 3609 quidem
825 3513 865 3586 iis
884 3513 949 3586 effe
968 3515 1114 3602 viribus,

155 3621 275 3719 quibus
288 3640 341 3692 aut
361 3622 455 3695 miles
477 3623 566 3697 bello
585 3621 729 3709 Punico,
741 3641 796 3694 aut
816 3623 973 3721 quaestor
993 3628 1112 3700 eodem

156 3730 262 3815 bello,
278 3746 333 3800 aut
350 3732 464 3803 consul
484 3733 518 3802 in
539 3731 696 3828 Hispania
711 3730 850 3821 fuerim,
863 3754 920 3805 aut
936 3726 1114 3831 quadrien·

154 3838 215 3908 nio
238 3835 331 3934 post,
354 3863 432 3910 cunr
459 3840 610 3911 tribunus
639 3839 785 3911 militaris
813 3839 1006 3936 depugnavi
1029 3845 1113 3941 apud

155 3945 421 4041 Thermopylas,
436 3947 495 4019 M'ss
506 3950 616 4023 Acilio
631 3946 813 4023 Glabrione
827 3952 962 4024 consule
975 3979 985 4025 ε
997 3952 1054 4025 sed
1067 3979 1113 4027 ra·

154 4078 232 4139 tucn
244 4055 308 4155 (ut
345 4056 564 4157 vosvidetis)
580 4085 650 4134 non
664 4059 759 4159 plane
774 4087 828 4135 me
843 4063 1043 4165 enervavit,
1055 4090 1115 4142 nec
