<?xml version="1.0" encoding="UTF-8"?>
<!DOCTYPE html PUBLIC "-//W3C//DTD XHTML 1.0 Transitional//EN"
    "http://www.w3.org/TR/xhtml1/DTD/xhtml1-transitional.dtd">
<html xmlns="http://www.w3.org/1999/xhtml" xml:lang="en" lang="en">
 <head>
  <title>
</title>
<meta http-equiv="Content-Type" content="text/html;charset=utf-8" />
  <meta name='ocr-system' content='tesseract 3.04.00' />
  <meta name='ocr-capabilities' content='ocr_page ocr_carea ocr_par ocr_line ocrx_word'/>
</head>
<body>
  <div class='ocr_page' id='page_1' title='image "./mtulliiciceroni01plutgoog_0372.png"; bbox 0 0 2340 4560; ppageno 0'>
   <div class='ocr_carea' id='block_1_1' title="bbox 10 402 1081 713">
    <p class='ocr_par' dir='ltr' id='par_1_1' title="bbox 10 402 1081 713">
     <span class='ocr_line' id='line_1_1' title="bbox 10 402 1081 713; baseline -0.011 -27"><span class='ocrx_word' id='word_1_1' title='bbox 10 402 18 713; x_wconf 83' lang='lat' dir='ltr'>l</span> <span class='ocrx_word' id='word_1_2' title='bbox 216 552 838 687; x_wconf 65' lang='lat' dir='ltr'>euocasse-rcus.</span> <span class='ocrx_word' id='word_1_3' title='bbox 947 609 1081 709; x_wconf 72' lang='lat'>36..</span> 
     </span>
    </p>
   </div>
   <div class='ocr_carea' id='block_1_2' title="bbox 10 771 1048 4187">
    <p class='ocr_par' dir='ltr' id='par_1_2' title="bbox 10 771 1048 4187">
     <span class='ocr_line' id='line_1_2' title="bbox 10 771 746 857; baseline -0.007 -16"><span class='ocrx_word' id='word_1_4' title='bbox 10 784 16 857; x_wconf 69' lang='grc' dir='ltr'>,Ι</span> <span class='ocrx_word' id='word_1_5' title='bbox 49 772 200 841; x_wconf 67' lang='lat' dir='ltr'>nimici</span> <span class='ocrx_word' id='word_1_6' title='bbox 220 790 308 853; x_wconf 86' lang='lat' dir='ltr'>gens,</span> <span class='ocrx_word' id='word_1_7' title='bbox 326 773 357 837; x_wconf 93' lang='lat' dir='ltr'>in</span> <span class='ocrx_word' id='word_1_8' title='bbox 376 771 470 839; x_wconf 85' lang='lat' dir='ltr'>Pison</span> <span class='ocrx_word' id='word_1_9' title='bbox 495 794 543 856; x_wconf 81' lang='lat'>34.</span> <span class='ocrx_word' id='word_1_10' title='bbox 565 773 596 835; x_wconf 92' lang='lat' dir='ltr'>in</span> <span class='ocrx_word' id='word_1_11' title='bbox 611 772 746 836; x_wconf 85' lang='lat' dir='ltr'>Thracia.</span> 
     </span>
     <span class='ocr_line' id='line_1_3' title="bbox 10 852 1021 937; baseline -0.004 -16"><span class='ocrx_word' id='word_1_12' title='bbox 10 882 12 893; x_wconf 92' lang='lat'>·</span> <span class='ocrx_word' id='word_1_13' title='bbox 51 856 168 931; x_wconf 86' lang='lat' dir='ltr'>BlDlS,</span> <span class='ocrx_word' id='word_1_14' title='bbox 186 853 268 916; x_wconf 85' lang='lat' dir='ltr'>Verr.</span> <span class='ocrx_word' id='word_1_15' title='bbox 285 876 320 930; x_wconf 86' lang='lat'>2,</span> <span class='ocrx_word' id='word_1_16' title='bbox 338 877 385 919; x_wconf 85' lang='lat'>22.</span> <span class='ocrx_word' id='word_1_17' title='bbox 404 855 549 937; x_wconf 89' lang='lat' dir='ltr'>oppidum</span> <span class='ocrx_word' id='word_1_18' title='bbox 567 868 656 918; x_wconf 87' lang='lat' dir='ltr'>tenue</span> <span class='ocrx_word' id='word_1_19' title='bbox 671 854 803 934; x_wconf 87' lang='lat' dir='ltr'>Siciliae,</span> <span class='ocrx_word' id='word_1_20' title='bbox 818 873 879 917; x_wconf 92' lang='lat' dir='ltr'>non</span> <span class='ocrx_word' id='word_1_21' title='bbox 895 852 983 937; x_wconf 83' lang='lat' dir='ltr'>longe</span> <span class='ocrx_word' id='word_1_22' title='bbox 1003 873 1021 916; x_wconf 85' lang='lat' dir='ltr'>a</span> 
     </span>
     <span class='ocr_line' id='line_1_4' title="bbox 10 935 357 1019; baseline -0.017 -14"><span class='ocrx_word' id='word_1_23' title='bbox 10 1000 12 1005; x_wconf 90' lang='lat'>.</span> <span class='ocrx_word' id='word_1_24' title='bbox 90 936 246 1019; x_wconf 72' lang='lat' dir='ltr'>syracono.</span> <span class='ocrx_word' id='word_1_25' title='bbox 269 935 357 1002; x_wconf 86' lang='lat' dir='ltr'>Unde</span> 
     </span>
     <span class='ocr_line' id='line_1_5' title="bbox 55 1018 452 1095; baseline -0.01 -11"><span class='ocrx_word' id='word_1_26' title='bbox 55 1019 230 1091; x_wconf 85' lang='lat' dir='ltr'>lilDlNllS,</span> <span class='ocrx_word' id='word_1_27' title='bbox 244 1018 325 1079; x_wconf 85' lang='lat' dir='ltr'>Verr.</span> <span class='ocrx_word' id='word_1_28' title='bbox 346 1037 384 1095; x_wconf 83' lang='lat'>2,</span> <span class='ocrx_word' id='word_1_29' title='bbox 406 1039 452 1080; x_wconf 84' lang='lat'>22.</span> 
     </span>
     <span class='ocr_line' id='line_1_6' title="bbox 56 1099 885 1179; baseline -0.002 -15"><span class='ocrx_word' id='word_1_30' title='bbox 56 1100 264 1175; x_wconf 81' lang='lat' dir='ltr'>BITHYNIA,</span> <span class='ocrx_word' id='word_1_31' title='bbox 288 1100 368 1179; x_wconf 88' lang='lat' dir='ltr'>regio</span> <span class='ocrx_word' id='word_1_32' title='bbox 388 1099 468 1163; x_wconf 83' lang='lat' dir='ltr'>Altae</span> <span class='ocrx_word' id='word_1_33' title='bbox 486 1100 622 1177; x_wconf 86' lang='lat' dir='ltr'>minoris,</span> <span class='ocrx_word' id='word_1_34' title='bbox 638 1100 669 1162; x_wconf 89' lang='lat' dir='ltr'>in</span> <span class='ocrx_word' id='word_1_35' title='bbox 689 1120 739 1162; x_wconf 85' lang='lat' dir='ltr'>ora</span> <span class='ocrx_word' id='word_1_36' title='bbox 756 1099 885 1164; x_wconf 83' lang='lat' dir='ltr'>Pontica.</span> 
     </span>
     <span class='ocr_line' id='line_1_7' title="bbox 56 1179 1024 1265; baseline -0.004 -18"><span class='ocrx_word' id='word_1_37' title='bbox 56 1180 339 1257; x_wconf 79' lang='lat' dir='ltr'>BlalNDENONA,</span> <span class='ocrx_word' id='word_1_38' title='bbox 358 1180 397 1241; x_wconf 85' lang='lat' dir='ltr'>od</span> <span class='ocrx_word' id='word_1_39' title='bbox 421 1181 460 1259; x_wconf 80' lang='lat' dir='ltr'>Q</span> <span class='ocrx_word' id='word_1_40' title='bbox 477 1179 553 1242; x_wconf 76' lang='lat' dir='ltr'>Prae.</span> <span class='ocrx_word' id='word_1_41' title='bbox 577 1204 616 1257; x_wconf 87' lang='lat'>2,</span> <span class='ocrx_word' id='word_1_42' title='bbox 642 1202 687 1265; x_wconf 85' lang='lat'>15.</span> <span class='ocrx_word' id='word_1_43' title='bbox 708 1202 818 1244; x_wconf 86' lang='lat' dir='ltr'>nomen</span> <span class='ocrx_word' id='word_1_44' title='bbox 839 1180 917 1244; x_wconf 86' lang='lat' dir='ltr'>urbis</span> <span class='ocrx_word' id='word_1_45' title='bbox 933 1199 986 1260; x_wconf 91' lang='lat' dir='ltr'>pro</span> <span class='ocrx_word' id='word_1_46' title='bbox 1007 1200 1024 1243; x_wconf 88' lang='lat' dir='ltr'>e</span> 
     </span>
     <span class='ocr_line' id='line_1_8' title="bbox 94 1200 1024 1344; baseline -0.005 -17"><span class='ocrx_word' id='word_1_47' title='bbox 94 1260 291 1337; x_wconf 72' lang='lat' dir='ltr'>Placentiam,</span> <span class='ocrx_word' id='word_1_48' title='bbox 307 1273 341 1323; x_wconf 89' lang='lat' dir='ltr'>ut</span> <span class='ocrx_word' id='word_1_49' title='bbox 359 1280 395 1323; x_wconf 83' lang='lat' dir='ltr'>ex</span> <span class='ocrx_word' id='word_1_50' title='bbox 414 1260 475 1341; x_wconf 91' lang='lat' dir='ltr'>ipsa</span> <span class='ocrx_word' id='word_1_51' title='bbox 495 1261 614 1341; x_wconf 85' lang='lat' dir='ltr'>epistola</span> <span class='ocrx_word' id='word_1_52' title='bbox 636 1261 822 1344; x_wconf 87' lang='lat' dir='ltr'>intelligitur,</span> <span class='ocrx_word' id='word_1_53' title='bbox 841 1265 923 1325; x_wconf 91' lang='lat' dir='ltr'>cuius</span> <span class='ocrx_word' id='word_1_54' title='bbox 944 1200 1024 1323; x_wconf 72' lang='lat' dir='ltr'>nubo</span> 
     </span>
     <span class='ocr_line' id='line_1_9' title="bbox 95 1341 1025 1424; baseline -0.004 -18"><span class='ocrx_word' id='word_1_55' title='bbox 95 1347 127 1407; x_wconf 91' lang='lat' dir='ltr'>in</span> <span class='ocrx_word' id='word_1_56' title='bbox 144 1342 263 1423; x_wconf 87' lang='lat' dir='ltr'>reliquis</span> <span class='ocrx_word' id='word_1_57' title='bbox 275 1341 413 1416; x_wconf 86' lang='lat' dir='ltr'>omnibus</span> <span class='ocrx_word' id='word_1_58' title='bbox 428 1342 507 1405; x_wconf 87' lang='lat' dir='ltr'>libris</span> <span class='ocrx_word' id='word_1_59' title='bbox 521 1343 641 1406; x_wconf 90' lang='lat' dir='ltr'>mentio.</span> <span class='ocrx_word' id='word_1_60' title='bbox 660 1344 718 1406; x_wconf 87' lang='lat' dir='ltr'>Sed</span> <span class='ocrx_word' id='word_1_61' title='bbox 734 1358 901 1424; x_wconf 89' lang='lat' dir='ltr'>corruptum</span> <span class='ocrx_word' id='word_1_62' title='bbox 915 1362 1025 1407; x_wconf 90' lang='lat' dir='ltr'>nomen</span> 
     </span>
     <span class='ocr_line' id='line_1_10' title="bbox 96 1422 1023 1502; baseline -0.004 -14"><span class='ocrx_word' id='word_1_63' title='bbox 96 1426 221 1488; x_wconf 83' lang='lat' dir='ltr'>videtur.</span> <span class='ocrx_word' id='word_1_64' title='bbox 244 1425 275 1487; x_wconf 90' lang='lat' dir='ltr'>P.</span> <span class='ocrx_word' id='word_1_65' title='bbox 289 1424 426 1487; x_wconf 82' lang='lat' dir='ltr'>Manutio</span> <span class='ocrx_word' id='word_1_66' title='bbox 440 1422 598 1502; x_wconf 84' lang='lat' dir='ltr'>legendum</span> <span class='ocrx_word' id='word_1_67' title='bbox 615 1424 789 1488; x_wconf 82' lang='lat' dir='ltr'>videbatur:</span> <span class='ocrx_word' id='word_1_68' title='bbox 804 1429 915 1495; x_wconf 79' lang='lat' dir='ltr'>Laude,</span> <span class='ocrx_word' id='word_1_69' title='bbox 933 1425 1023 1484; x_wconf 84' lang='lat' dir='ltr'>nonis.</span> 
     </span>
     <span class='ocr_line' id='line_1_11' title="bbox 98 1504 1026 1585; baseline -0.008 -14"><span class='ocrx_word' id='word_1_70' title='bbox 98 1510 174 1571; x_wconf 79' lang='lat' dir='ltr'>laus</span> <span class='ocrx_word' id='word_1_71' title='bbox 188 1505 269 1566; x_wconf 90' lang='lat' dir='ltr'>enim</span> <span class='ocrx_word' id='word_1_72' title='bbox 286 1505 326 1567; x_wconf 87' lang='lat' dir='ltr'>est</span> <span class='ocrx_word' id='word_1_73' title='bbox 344 1505 486 1584; x_wconf 91' lang='lat' dir='ltr'>oppidum</span> <span class='ocrx_word' id='word_1_74' title='bbox 508 1525 599 1585; x_wconf 81' lang='lat' dir='ltr'>prope</span> <span class='ocrx_word' id='word_1_75' title='bbox 617 1504 799 1568; x_wconf 80' lang='lat' dir='ltr'>Placentiam.</span> <span class='ocrx_word' id='word_1_76' title='bbox 827 1507 863 1569; x_wconf 91' lang='lat' dir='ltr'>ln</span> <span class='ocrx_word' id='word_1_77' title='bbox 877 1505 1026 1568; x_wconf 80' lang='lat' dir='ltr'>itinerario</span> 
     </span>
     <span class='ocr_line' id='line_1_12' title="bbox 98 1586 1028 1666; baseline -0.006 -15"><span class='ocrx_word' id='word_1_78' title='bbox 98 1587 240 1651; x_wconf 74' lang='lat' dir='ltr'>Antonini</span> <span class='ocrx_word' id='word_1_79' title='bbox 254 1606 284 1666; x_wconf 87' lang='lat' dir='ltr'>p.</span> <span class='ocrx_word' id='word_1_80' title='bbox 302 1607 318 1648; x_wconf 86' lang='lat'>2</span> <span class='ocrx_word' id='word_1_81' title='bbox 343 1609 369 1648; x_wconf 89' lang='lat'>2.</span> <span class='ocrx_word' id='word_1_82' title='bbox 385 1586 512 1649; x_wconf 88' lang='lat' dir='ltr'>occurrit</span> <span class='ocrx_word' id='word_1_83' title='bbox 527 1589 682 1648; x_wconf 81' lang='lat' dir='ltr'>Blandona.</span> <span class='ocrx_word' id='word_1_84' title='bbox 705 1586 755 1650; x_wconf 90' lang='lat' dir='ltr'>sed</span> <span class='ocrx_word' id='word_1_85' title='bbox 770 1605 825 1649; x_wconf 87' lang='lat' dir='ltr'>nec</span> <span class='ocrx_word' id='word_1_86' title='bbox 842 1587 906 1649; x_wconf 90' lang='lat' dir='ltr'>loca</span> <span class='ocrx_word' id='word_1_87' title='bbox 922 1604 1028 1646; x_wconf 87' lang='lat' dir='ltr'>conve·</span> 
     </span>
     <span class='ocr_line' id='line_1_13' title="bbox 98 1608 1028 1747; baseline -0.002 -16"><span class='ocrx_word' id='word_1_88' title='bbox 98 1671 207 1744; x_wconf 91' lang='lat' dir='ltr'>niunt,</span> <span class='ocrx_word' id='word_1_89' title='bbox 223 1685 280 1730; x_wconf 88' lang='lat' dir='ltr'>nec</span> <span class='ocrx_word' id='word_1_90' title='bbox 295 1608 368 1730; x_wconf 78' lang='lat' dir='ltr'>illrrd</span> <span class='ocrx_word' id='word_1_91' title='bbox 392 1666 486 1747; x_wconf 88' lang='lat' dir='ltr'>ipsum</span> <span class='ocrx_word' id='word_1_92' title='bbox 501 1687 610 1730; x_wconf 87' lang='lat' dir='ltr'>nomen</span> <span class='ocrx_word' id='word_1_93' title='bbox 629 1687 646 1728; x_wconf 88' lang='lat' dir='ltr'>a</span> <span class='ocrx_word' id='word_1_94' title='bbox 663 1667 823 1747; x_wconf 85' lang='lat' dir='ltr'>suspicione</span> <span class='ocrx_word' id='word_1_95' title='bbox 838 1667 1028 1747; x_wconf 75' lang='lat' dir='ltr'>corruptionis</span> 
     </span>
     <span class='ocr_line' id='line_1_14' title="bbox 98 1745 1030 1829; baseline 0 -16"><span class='ocrx_word' id='word_1_96' title='bbox 98 1749 228 1813; x_wconf 88' lang='lat' dir='ltr'>liberum</span> <span class='ocrx_word' id='word_1_97' title='bbox 241 1747 290 1810; x_wconf 82' lang='lat' dir='ltr'>est.</span> <span class='ocrx_word' id='word_1_98' title='bbox 311 1748 345 1812; x_wconf 91' lang='lat' dir='ltr'>ln</span> <span class='ocrx_word' id='word_1_99' title='bbox 361 1748 442 1811; x_wconf 91' lang='lat' dir='ltr'>libris</span> <span class='ocrx_word' id='word_1_100' title='bbox 452 1749 573 1829; x_wconf 88' lang='lat' dir='ltr'>antiquis</span> <span class='ocrx_word' id='word_1_101' title='bbox 591 1749 650 1811; x_wconf 87' lang='lat' dir='ltr'>sere</span> <span class='ocrx_word' id='word_1_102' title='bbox 665 1751 704 1811; x_wconf 87' lang='lat' dir='ltr'>est</span> <span class='ocrx_word' id='word_1_103' title='bbox 714 1752 889 1813; x_wconf 80' lang='lat' dir='ltr'>Blandenone</span> <span class='ocrx_word' id='word_1_104' title='bbox 904 1749 936 1811; x_wconf 90' lang='lat' dir='ltr'>in</span> <span class='ocrx_word' id='word_1_105' title='bbox 951 1745 1030 1813; x_wconf 57' lang='lat' dir='ltr'>able</span> 
     </span>
     <span class='ocr_line' id='line_1_15' title="bbox 99 1832 824 1907; baseline 0.006 -13"><span class='ocrx_word' id='word_1_106' title='bbox 99 1833 184 1907; x_wconf 85' lang='lat' dir='ltr'>tivo,</span> <span class='ocrx_word' id='word_1_107' title='bbox 205 1832 284 1892; x_wconf 88' lang='lat' dir='ltr'>unde</span> <span class='ocrx_word' id='word_1_108' title='bbox 302 1850 404 1893; x_wconf 87' lang='lat' dir='ltr'>verum</span> <span class='ocrx_word' id='word_1_109' title='bbox 419 1850 527 1893; x_wconf 91' lang='lat' dir='ltr'>nomen</span> <span class='ocrx_word' id='word_1_110' title='bbox 542 1832 657 1893; x_wconf 85' lang='lat' dir='ltr'>videtur</span> <span class='ocrx_word' id='word_1_111' title='bbox 674 1834 824 1898; x_wconf 87' lang='lat' dir='ltr'>Blandeno.</span> 
     </span>
     <span class='ocr_line' id='line_1_16' title="bbox 60 1910 1029 1993; baseline -0.004 -15"><span class='ocrx_word' id='word_1_112' title='bbox 60 1912 254 1990; x_wconf 78' lang='lat' dir='ltr'>BOPlOTld,</span> <span class='ocrx_word' id='word_1_113' title='bbox 279 1913 359 1993; x_wconf 84' lang='lat' dir='ltr'>regio</span> <span class='ocrx_word' id='word_1_114' title='bbox 382 1912 535 1990; x_wconf 81' lang='lat' dir='ltr'>Graeciae,</span> <span class='ocrx_word' id='word_1_115' title='bbox 559 1913 686 1991; x_wconf 88' lang='lat' dir='ltr'>Euripo,</span> <span class='ocrx_word' id='word_1_116' title='bbox 709 1915 828 1991; x_wconf 77' lang='lat' dir='ltr'>Attica,</span> <span class='ocrx_word' id='word_1_117' title='bbox 848 1910 1029 1977; x_wconf 85' lang='lat' dir='ltr'>Phocide&amp;</span> 
     </span>
     <span class='ocr_line' id='line_1_17' title="bbox 102 1992 862 2081; baseline 0 -22"><span class='ocrx_word' id='word_1_118' title='bbox 102 1994 228 2059; x_wconf 84' lang='lat' dir='ltr'>locride</span> <span class='ocrx_word' id='word_1_119' title='bbox 247 1992 350 2056; x_wconf 68' lang='lat' dir='ltr'>cincta.</span> <span class='ocrx_word' id='word_1_120' title='bbox 374 1994 461 2058; x_wconf 87' lang='lat' dir='ltr'>Unde</span> <span class='ocrx_word' id='word_1_121' title='bbox 478 1996 625 2071; x_wconf 78' lang='lat' dir='ltr'>Boeotius,</span> <span class='ocrx_word' id='word_1_122' title='bbox 639 1994 704 2057; x_wconf 81' lang='lat' dir='ltr'>Div.</span> <span class='ocrx_word' id='word_1_123' title='bbox 722 2019 759 2072; x_wconf 67' lang='grc' dir='ltr'>ι,</span> <span class='ocrx_word' id='word_1_124' title='bbox 779 2015 827 2081; x_wconf 89' lang='lat'>25.</span> <span class='ocrx_word' id='word_1_125' title='bbox 858 2063 862 2069; x_wconf 68' lang='grc'>,</span> 
     </span>
     <span class='ocr_line' id='line_1_18' title="bbox 61 2074 687 2154; baseline -0.005 -13"><span class='ocrx_word' id='word_1_126' title='bbox 61 2075 261 2149; x_wconf 63' lang='lat' dir='ltr'>Bonosus,</span> <span class='ocrx_word' id='word_1_127' title='bbox 281 2075 350 2137; x_wconf 85' lang='lat' dir='ltr'>urbs</span> <span class='ocrx_word' id='word_1_128' title='bbox 370 2074 479 2139; x_wconf 88' lang='lat' dir='ltr'>Galliae</span> <span class='ocrx_word' id='word_1_129' title='bbox 500 2075 687 2154; x_wconf 88' lang='lat' dir='ltr'>Cispadanae.</span> 
     </span>
     <span class='ocr_line' id='line_1_19' title="bbox 61 2154 1032 2233; baseline -0.006 -12"><span class='ocrx_word' id='word_1_130' title='bbox 61 2158 183 2221; x_wconf 78' lang='lat' dir='ltr'>BOerl</span> <span class='ocrx_word' id='word_1_131' title='bbox 196 2156 244 2217; x_wconf 90' lang='lat' dir='ltr'>vel</span> <span class='ocrx_word' id='word_1_132' title='bbox 258 2157 399 2231; x_wconf 83' lang='lat' dir='ltr'>BOREA,</span> <span class='ocrx_word' id='word_1_133' title='bbox 410 2158 447 2218; x_wconf 89' lang='lat' dir='ltr'>ad</span> <span class='ocrx_word' id='word_1_134' title='bbox 459 2157 540 2218; x_wconf 81' lang='lat' dir='ltr'>Attic.</span> <span class='ocrx_word' id='word_1_135' title='bbox 562 2160 616 2231; x_wconf 89' lang='lat'>16,</span> <span class='ocrx_word' id='word_1_136' title='bbox 636 2182 663 2233; x_wconf 90' lang='lat'>4.</span> <span class='ocrx_word' id='word_1_137' title='bbox 686 2157 754 2219; x_wconf 90' lang='lat' dir='ltr'>urbs</span> <span class='ocrx_word' id='word_1_138' title='bbox 769 2156 897 2231; x_wconf 77' lang='lat' dir='ltr'>Africae,</span> <span class='ocrx_word' id='word_1_139' title='bbox 909 2155 984 2217; x_wconf 87' lang='lat' dir='ltr'>sorte</span> <span class='ocrx_word' id='word_1_140' title='bbox 995 2154 1032 2216; x_wconf 85' lang='lat' dir='ltr'>ad</span> 
     </span>
     <span class='ocr_line' id='line_1_20' title="bbox 103 2237 1034 2319; baseline -0.004 -19"><span class='ocrx_word' id='word_1_141' title='bbox 103 2239 338 2319; x_wconf 85' lang='lat' dir='ltr'>promontorium</span> <span class='ocrx_word' id='word_1_142' title='bbox 369 2241 481 2299; x_wconf 84' lang='lat' dir='ltr'>Boreum</span> <span class='ocrx_word' id='word_1_143' title='bbox 506 2240 538 2298; x_wconf 90' lang='lat' dir='ltr'>in</span> <span class='ocrx_word' id='word_1_144' title='bbox 560 2238 736 2316; x_wconf 84' lang='lat' dir='ltr'>Cyrenaica,</span> <span class='ocrx_word' id='word_1_145' title='bbox 758 2238 795 2299; x_wconf 84' lang='lat' dir='ltr'>ad</span> <span class='ocrx_word' id='word_1_146' title='bbox 817 2239 922 2316; x_wconf 83' lang='lat' dir='ltr'>Syrtim</span> <span class='ocrx_word' id='word_1_147' title='bbox 944 2237 1034 2301; x_wconf 89' lang='lat' dir='ltr'>maio-</span> 
     </span>
     <span class='ocr_line' id='line_1_21' title="bbox 20 2318 1034 2408; baseline -0.007 -25"><span class='ocrx_word' id='word_1_148' title='bbox 20 2318 23 2327; x_wconf 83' lang='lat'>&#39;</span> <span class='ocrx_word' id='word_1_149' title='bbox 103 2342 178 2383; x_wconf 89' lang='lat' dir='ltr'>rem.</span> <span class='ocrx_word' id='word_1_150' title='bbox 199 2319 271 2382; x_wconf 89' lang='lat' dir='ltr'>Plin.</span> <span class='ocrx_word' id='word_1_151' title='bbox 292 2340 370 2408; x_wconf 60' lang='grc' dir='ltr'>Μ.</span> <span class='ocrx_word' id='word_1_152' title='bbox 391 2319 441 2380; x_wconf 89' lang='lat' dir='ltr'>sed</span> <span class='ocrx_word' id='word_1_153' title='bbox 459 2340 568 2379; x_wconf 89' lang='lat' dir='ltr'>nomen</span> <span class='ocrx_word' id='word_1_154' title='bbox 584 2318 705 2379; x_wconf 88' lang='lat' dir='ltr'>dubium</span> <span class='ocrx_word' id='word_1_155' title='bbox 725 2318 772 2379; x_wconf 89' lang='lat' dir='ltr'>est.</span> <span class='ocrx_word' id='word_1_156' title='bbox 796 2319 951 2397; x_wconf 86' lang='lat' dir='ltr'>Procopius</span> <span class='ocrx_word' id='word_1_157' title='bbox 969 2319 1034 2396; x_wconf 71' lang='grc' dir='ltr'>περὶ</span> 
     </span>
     <span class='ocr_line' id='line_1_22' title="bbox 103 2399 1035 2480; baseline -0.008 -15"><span class='ocrx_word' id='word_1_158' title='bbox 103 2402 164 2465; x_wconf 63' lang='grc' dir='ltr'>τῶν</span> <span class='ocrx_word' id='word_1_159' title='bbox 187 2414 360 2480; x_wconf 71' lang='lat' dir='ltr'>anteponor</span> <span class='ocrx_word' id='word_1_160' title='bbox 379 2412 415 2476; x_wconf 86' lang='lat'>6,</span> <span class='ocrx_word' id='word_1_161' title='bbox 434 2427 448 2461; x_wconf 90' lang='lat'>2</span> <span class='ocrx_word' id='word_1_162' title='bbox 465 2414 607 2461; x_wconf 83' lang='lat' dir='ltr'>memorat</span> <span class='ocrx_word' id='word_1_163' title='bbox 632 2399 732 2460; x_wconf 90' lang='lat' dir='ltr'>urbem</span> <span class='ocrx_word' id='word_1_164' title='bbox 753 2399 883 2475; x_wconf 87' lang='lat' dir='ltr'>Borium,</span> <span class='ocrx_word' id='word_1_165' title='bbox 903 2399 1035 2460; x_wconf 86' lang='lat' dir='ltr'>ultimam</span> 
     </span>
     <span class='ocr_line' id='line_1_23' title="bbox 105 2481 627 2561; baseline -0.013 -14"><span class='ocrx_word' id='word_1_166' title='bbox 105 2483 299 2561; x_wconf 80' lang='lat' dir='ltr'>Pentapoleos</span> <span class='ocrx_word' id='word_1_167' title='bbox 319 2481 413 2543; x_wconf 85' lang='lat' dir='ltr'>versus</span> <span class='ocrx_word' id='word_1_168' title='bbox 435 2483 627 2541; x_wconf 84' lang='lat' dir='ltr'>occidentem.</span> 
     </span>
     <span class='ocr_line' id='line_1_24' title="bbox 64 2559 1038 2646; baseline -0.012 -16"><span class='ocrx_word' id='word_1_169' title='bbox 64 2565 281 2638; x_wconf 89' lang='lat' dir='ltr'>BOSPORUS,</span> <span class='ocrx_word' id='word_1_170' title='bbox 303 2564 380 2626; x_wconf 87' lang='lat' dir='ltr'>illut.</span> <span class='ocrx_word' id='word_1_171' title='bbox 405 2587 448 2646; x_wconf 84' lang='lat'>15·</span> <span class='ocrx_word' id='word_1_172' title='bbox 465 2563 589 2636; x_wconf 84' lang='lat' dir='ltr'>fretum,</span> <span class='ocrx_word' id='word_1_173' title='bbox 605 2562 684 2639; x_wconf 90' lang='lat' dir='ltr'>quod</span> <span class='ocrx_word' id='word_1_174' title='bbox 701 2559 908 2639; x_wconf 89' lang='lat' dir='ltr'>Propontidem</span> <span class='ocrx_word' id='word_1_175' title='bbox 922 2562 949 2623; x_wconf 75' lang='lat' dir='ltr'>da</span> <span class='ocrx_word' id='word_1_176' title='bbox 963 2559 1038 2623; x_wconf 91' lang='lat' dir='ltr'>Pon-</span> 
     </span>
     <span class='ocr_line' id='line_1_25' title="bbox 106 2644 780 2720; baseline -0.01 -12"><span class='ocrx_word' id='word_1_177' title='bbox 106 2662 171 2708; x_wconf 88' lang='lat' dir='ltr'>tum</span> <span class='ocrx_word' id='word_1_178' title='bbox 189 2646 331 2707; x_wconf 77' lang='lat' dir='ltr'>Euxinum</span> <span class='ocrx_word' id='word_1_179' title='bbox 349 2646 513 2705; x_wconf 86' lang='lat' dir='ltr'>committit.</span> <span class='ocrx_word' id='word_1_180' title='bbox 534 2665 549 2704; x_wconf 85' lang='lat' dir='ltr'>a</span> <span class='ocrx_word' id='word_1_181' title='bbox 568 2665 625 2720; x_wconf 88' lang='lat' dir='ltr'>quo</span> <span class='ocrx_word' id='word_1_182' title='bbox 645 2644 780 2703; x_wconf 86' lang='lat' dir='ltr'>dicuntur</span> 
     </span>
     <span class='ocr_line' id='line_1_26' title="bbox 64 2723 995 2804; baseline -0.009 -12"><span class='ocrx_word' id='word_1_183' title='bbox 64 2728 304 2802; x_wconf 78' lang='lat' dir='ltr'>BOSPORANl,</span> <span class='ocrx_word' id='word_1_184' title='bbox 320 2727 351 2788; x_wconf 88' lang='lat' dir='ltr'>L.</span> <span class='ocrx_word' id='word_1_185' title='bbox 368 2727 449 2788; x_wconf 73' lang='lat' dir='ltr'>illan.</span> <span class='ocrx_word' id='word_1_186' title='bbox 465 2751 505 2802; x_wconf 83' lang='lat'>4,</span> <span class='ocrx_word' id='word_1_187' title='bbox 523 2724 623 2804; x_wconf 89' lang='lat' dir='ltr'>populi</span> <span class='ocrx_word' id='word_1_188' title='bbox 641 2725 677 2786; x_wconf 88' lang='lat' dir='ltr'>ad</span> <span class='ocrx_word' id='word_1_189' title='bbox 696 2726 856 2803; x_wconf 81' lang='lat' dir='ltr'>Bosporum</span> <span class='ocrx_word' id='word_1_190' title='bbox 874 2723 995 2786; x_wconf 78' lang='lat' dir='ltr'>llsrutici.</span> 
     </span>
     <span class='ocr_line' id='line_1_27' title="bbox 66 2807 866 2890; baseline -0.01 -16"><span class='ocrx_word' id='word_1_191' title='bbox 66 2809 279 2874; x_wconf 68' lang='lat' dir='ltr'>Boi-&#39;issum</span> <span class='ocrx_word' id='word_1_192' title='bbox 293 2854 302 2883; x_wconf 89' lang='lat'>,</span> <span class='ocrx_word' id='word_1_193' title='bbox 318 2807 431 2868; x_wconf 87' lang='lat' dir='ltr'>Cluent.</span> <span class='ocrx_word' id='word_1_194' title='bbox 451 2831 499 2890; x_wconf 85' lang='lat'>79.</span> <span class='ocrx_word' id='word_1_195' title='bbox 522 2807 663 2885; x_wconf 89' lang='lat' dir='ltr'>oppidum</span> <span class='ocrx_word' id='word_1_196' title='bbox 685 2808 866 2870; x_wconf 87' lang='lat' dir='ltr'>Samnitium.</span> 
     </span>
     <span class='ocr_line' id='line_1_28' title="bbox 67 2884 1038 2969; baseline -0.008 -13"><span class='ocrx_word' id='word_1_197' title='bbox 67 2891 276 2964; x_wconf 84' lang='lat' dir='ltr'>BOVlLleE,</span> <span class='ocrx_word' id='word_1_198' title='bbox 301 2891 340 2950; x_wconf 84' lang='lat' dir='ltr'>ad</span> <span class='ocrx_word' id='word_1_199' title='bbox 361 2892 417 2950; x_wconf 80' lang='lat' dir='ltr'>stt.</span> <span class='ocrx_word' id='word_1_200' title='bbox 440 2890 478 2963; x_wconf 87' lang='lat'>6,</span> <span class='ocrx_word' id='word_1_201' title='bbox 506 2909 548 2969; x_wconf 81' lang='lat'>¹3·</span> <span class='ocrx_word' id='word_1_202' title='bbox 573 2889 714 2967; x_wconf 89' lang='lat' dir='ltr'>oppidum</span> <span class='ocrx_word' id='word_1_203' title='bbox 733 2909 793 2950; x_wconf 89' lang='lat' dir='ltr'>non</span> <span class='ocrx_word' id='word_1_204' title='bbox 810 2885 913 2966; x_wconf 89' lang='lat' dir='ltr'>procul</span> <span class='ocrx_word' id='word_1_205' title='bbox 935 2906 952 2947; x_wconf 88' lang='lat' dir='ltr'>a</span> <span class='ocrx_word' id='word_1_206' title='bbox 972 2884 1038 2949; x_wconf 84' lang='lat' dir='ltr'>lacu</span> 
     </span>
     <span class='ocr_line' id='line_1_29' title="bbox 109 2967 1040 3048; baseline -0.01 -13"><span class='ocrx_word' id='word_1_207' title='bbox 109 2973 225 3037; x_wconf 77' lang='lat' dir='ltr'>Albano</span> <span class='ocrx_word' id='word_1_208' title='bbox 242 2973 279 3032; x_wconf 88' lang='lat' dir='ltr'>ad</span> <span class='ocrx_word' id='word_1_209' title='bbox 296 2972 373 3031; x_wconf 85' lang='lat' dir='ltr'>vium</span> <span class='ocrx_word' id='word_1_210' title='bbox 388 2971 527 3047; x_wconf 77' lang='lat' dir='ltr'>lippiam,</span> <span class='ocrx_word' id='word_1_211' title='bbox 544 2972 580 3031; x_wconf 88' lang='lat' dir='ltr'>ad</span> <span class='ocrx_word' id='word_1_212' title='bbox 602 2972 680 3048; x_wconf 88' lang='lat' dir='ltr'>quod</span> <span class='ocrx_word' id='word_1_213' title='bbox 697 2970 816 3032; x_wconf 86' lang='lat' dir='ltr'>Clodius</span> <span class='ocrx_word' id='word_1_214' title='bbox 839 2967 983 3030; x_wconf 79' lang='lat' dir='ltr'>allilone</span> <span class='ocrx_word' id='word_1_215' title='bbox 996 2969 1040 3027; x_wconf 90' lang='lat' dir='ltr'>in-</span> 
     </span>
     <span class='ocr_line' id='line_1_30' title="bbox 110 3048 1040 3133; baseline -0.01 -17"><span class='ocrx_word' id='word_1_216' title='bbox 110 3054 249 3116; x_wconf 75' lang='lat' dir='ltr'>terfctius</span> <span class='ocrx_word' id='word_1_217' title='bbox 264 3052 322 3123; x_wconf 86' lang='lat' dir='ltr'>est,</span> <span class='ocrx_word' id='word_1_218' title='bbox 341 3071 427 3128; x_wconf 88' lang='lat' dir='ltr'>quam</span> <span class='ocrx_word' id='word_1_219' title='bbox 448 3052 567 3111; x_wconf 86' lang='lat' dir='ltr'>caedem</span> <span class='ocrx_word' id='word_1_220' title='bbox 586 3053 686 3112; x_wconf 85' lang='lat' dir='ltr'>Cicero</span> <span class='ocrx_word' id='word_1_221' title='bbox 703 3074 821 3133; x_wconf 69' lang='lat' dir='ltr'>pugnarn</span> <span class='ocrx_word' id='word_1_222' title='bbox 838 3048 976 3111; x_wconf 80' lang='lat' dir='ltr'>Bouillarn</span> <span class='ocrx_word' id='word_1_223' title='bbox 990 3068 1040 3109; x_wconf 90' lang='lat' dir='ltr'>vo·</span> 
     </span>
     <span class='ocr_line' id='line_1_31' title="bbox 111 3129 967 3215; baseline -0.011 -20"><span class='ocrx_word' id='word_1_224' title='bbox 111 3149 168 3195; x_wconf 81' lang='lat' dir='ltr'>cat.</span> <span class='ocrx_word' id='word_1_225' title='bbox 192 3156 238 3212; x_wconf 87' lang='lat' dir='ltr'>ap.</span> <span class='ocrx_word' id='word_1_226' title='bbox 260 3133 357 3195; x_wconf 89' lang='lat' dir='ltr'>Front.</span> <span class='ocrx_word' id='word_1_227' title='bbox 382 3133 420 3193; x_wconf 91' lang='lat' dir='ltr'>de</span> <span class='ocrx_word' id='word_1_228' title='bbox 442 3131 544 3193; x_wconf 88' lang='lat' dir='ltr'>Colon.</span> <span class='ocrx_word' id='word_1_229' title='bbox 564 3152 593 3211; x_wconf 92' lang='lat' dir='ltr'>p.</span> <span class='ocrx_word' id='word_1_230' title='bbox 614 3154 666 3215; x_wconf 82' lang='lat'>¹03</span> <span class='ocrx_word' id='word_1_231' title='bbox 683 3133 723 3192; x_wconf 87' lang='lat' dir='ltr'>est</span> <span class='ocrx_word' id='word_1_232' title='bbox 737 3133 824 3192; x_wconf 86' lang='lat' dir='ltr'>etiam</span> <span class='ocrx_word' id='word_1_233' title='bbox 846 3129 967 3190; x_wconf 72' lang='lat' dir='ltr'>sontua</span> 
     </span>
     <span class='ocr_line' id='line_1_32' title="bbox 72 3215 592 3295; baseline -0.015 -14"><span class='ocrx_word' id='word_1_234' title='bbox 72 3216 263 3281; x_wconf 83' lang='lat' dir='ltr'>BOVILLUS</span> <span class='ocrx_word' id='word_1_235' title='bbox 282 3216 338 3274; x_wconf 86' lang='lat' dir='ltr'>adi.</span> <span class='ocrx_word' id='word_1_236' title='bbox 358 3215 395 3275; x_wconf 87' lang='lat' dir='ltr'>ad</span> <span class='ocrx_word' id='word_1_237' title='bbox 413 3216 469 3275; x_wconf 82' lang='lat' dir='ltr'>stt.</span> <span class='ocrx_word' id='word_1_238' title='bbox 492 3236 524 3295; x_wconf 84' lang='lat'>5,</span> <span class='ocrx_word' id='word_1_239' title='bbox 549 3233 592 3295; x_wconf 82' lang='lat'>¹3·</span> 
     </span>
     <span class='ocr_line' id='line_1_33' title="bbox 73 3296 699 3374; baseline -0.016 -12"><span class='ocrx_word' id='word_1_240' title='bbox 73 3298 294 3363; x_wconf 66' lang='lat' dir='ltr'>Bovillana</span> <span class='ocrx_word' id='word_1_241' title='bbox 317 3296 466 3370; x_wconf 77' lang='lat' dir='ltr'>vicinitate,</span> <span class='ocrx_word' id='word_1_242' title='bbox 481 3315 532 3372; x_wconf 93' lang='lat' dir='ltr'>pro</span> <span class='ocrx_word' id='word_1_243' title='bbox 555 3296 649 3355; x_wconf 84' lang='lat' dir='ltr'>Plane.</span> <span class='ocrx_word' id='word_1_244' title='bbox 671 3313 699 3374; x_wconf 86' lang='lat'>9.</span> 
     </span>
     <span class='ocr_line' id='line_1_34' title="bbox 71 3366 1041 3515; baseline -0.013 -71"><span class='ocrx_word' id='word_1_245' title='bbox 71 3378 317 3444; x_wconf 80' lang='lat' dir='ltr'>liOVlLLllNUS</span> <span class='ocrx_word' id='word_1_246' title='bbox 339 3376 512 3449; x_wconf 81' lang='lat' dir='ltr'>FUNDUS,</span> <span class='ocrx_word' id='word_1_247' title='bbox 537 3377 573 3435; x_wconf 87' lang='lat' dir='ltr'>ad</span> <span class='ocrx_word' id='word_1_248' title='bbox 596 3376 633 3515; x_wconf 46' lang='lat' dir='ltr'>l}</span> <span class='ocrx_word' id='word_1_249' title='bbox 653 3373 698 3436; x_wconf 93' lang='lat' dir='ltr'>Fr.</span> <span class='ocrx_word' id='word_1_250' title='bbox 725 3393 759 3454; x_wconf 83' lang='lat'>3,</span> <span class='ocrx_word' id='word_1_251' title='bbox 780 3393 804 3432; x_wconf 91' lang='lat'>1.</span> <span class='ocrx_word' id='word_1_252' title='bbox 823 3392 849 3431; x_wconf 90' lang='lat'>2.</span> <span class='ocrx_word' id='word_1_253' title='bbox 869 3367 905 3431; x_wconf 84' lang='lat' dir='ltr'>ab</span> <span class='ocrx_word' id='word_1_254' title='bbox 920 3366 1041 3447; x_wconf 82' lang='lat' dir='ltr'>ignobili</span> 
     </span>
     <span class='ocr_line' id='line_1_35' title="bbox 114 3451 1041 3536; baseline -0.01 -13"><span class='ocrx_word' id='word_1_255' title='bbox 114 3461 183 3523; x_wconf 94' lang='lat' dir='ltr'>loco</span> <span class='ocrx_word' id='word_1_256' title='bbox 195 3463 225 3521; x_wconf 90' lang='lat' dir='ltr'>in</span> <span class='ocrx_word' id='word_1_257' title='bbox 239 3459 384 3536; x_wconf 85' lang='lat' dir='ltr'>rlrpioari,</span> <span class='ocrx_word' id='word_1_258' title='bbox 400 3478 459 3519; x_wconf 90' lang='lat' dir='ltr'>non</span> <span class='ocrx_word' id='word_1_259' title='bbox 474 3455 590 3519; x_wconf 83' lang='lat' dir='ltr'>Bovillis</span> <span class='ocrx_word' id='word_1_260' title='bbox 604 3457 612 3514; x_wconf 93' lang='lat' dir='ltr'>i</span> <span class='ocrx_word' id='word_1_261' title='bbox 625 3455 659 3514; x_wconf 86' lang='lat' dir='ltr'>lis</span> <span class='ocrx_word' id='word_1_262' title='bbox 671 3500 679 3526; x_wconf 83' lang='lat'>,</span> <span class='ocrx_word' id='word_1_263' title='bbox 691 3473 765 3531; x_wconf 85' lang='lat' dir='ltr'>quae</span> <span class='ocrx_word' id='word_1_264' title='bbox 781 3451 847 3512; x_wconf 87' lang='lat' dir='ltr'>sunt</span> <span class='ocrx_word' id='word_1_265' title='bbox 861 3453 897 3512; x_wconf 86' lang='lat' dir='ltr'>ad</span> <span class='ocrx_word' id='word_1_266' title='bbox 909 3453 1041 3530; x_wconf 77' lang='lat' dir='ltr'>lippiam.</span> 
     </span>
     <span class='ocr_line' id='line_1_36' title="bbox 74 3534 1043 3617; baseline -0.01 -11"><span class='ocrx_word' id='word_1_267' title='bbox 74 3539 355 3613; x_wconf 77' lang='lat' dir='ltr'>BRUNDUswst,</span> <span class='ocrx_word' id='word_1_268' title='bbox 372 3539 512 3617; x_wconf 88' lang='lat' dir='ltr'>oppidum</span> <span class='ocrx_word' id='word_1_269' title='bbox 527 3541 557 3597; x_wconf 90' lang='lat' dir='ltr'>in</span> <span class='ocrx_word' id='word_1_270' title='bbox 572 3536 720 3610; x_wconf 87' lang='lat' dir='ltr'>Calabria,</span> <span class='ocrx_word' id='word_1_271' title='bbox 734 3546 821 3614; x_wconf 90' lang='lat' dir='ltr'>portu</span> <span class='ocrx_word' id='word_1_272' title='bbox 834 3534 865 3595; x_wconf 92' lang='lat' dir='ltr'>in</span> <span class='ocrx_word' id='word_1_273' title='bbox 878 3534 977 3612; x_wconf 90' lang='lat' dir='ltr'>primis</span> <span class='ocrx_word' id='word_1_274' title='bbox 990 3552 1043 3596; x_wconf 84' lang='lat' dir='ltr'>no-</span> 
     </span>
     <span class='ocr_line' id='line_1_37' title="bbox 116 3619 669 3700; baseline -0.009 -17"><span class='ocrx_word' id='word_1_275' title='bbox 116 3622 185 3697; x_wconf 89' lang='lat' dir='ltr'>bili,</span> <span class='ocrx_word' id='word_1_276' title='bbox 201 3640 219 3683; x_wconf 88' lang='lat' dir='ltr'>e</span> <span class='ocrx_word' id='word_1_277' title='bbox 236 3641 294 3700; x_wconf 88' lang='lat' dir='ltr'>quo</span> <span class='ocrx_word' id='word_1_278' title='bbox 308 3622 442 3683; x_wconf 74' lang='lat' dir='ltr'>traiedius</span> <span class='ocrx_word' id='word_1_279' title='bbox 460 3620 490 3679; x_wconf 91' lang='lat' dir='ltr'>in</span> <span class='ocrx_word' id='word_1_280' title='bbox 511 3619 669 3681; x_wconf 80' lang='lat' dir='ltr'>Graeciam.</span> 
     </span>
     <span class='ocr_line' id='line_1_38' title="bbox 74 3700 678 3782; baseline -0.015 -13"><span class='ocrx_word' id='word_1_281' title='bbox 74 3704 239 3769; x_wconf 81' lang='lat' dir='ltr'>BRUTPII</span> <span class='ocrx_word' id='word_1_282' title='bbox 252 3748 261 3779; x_wconf 93' lang='lat'>‚</span> <span class='ocrx_word' id='word_1_283' title='bbox 276 3700 377 3782; x_wconf 94' lang='lat' dir='ltr'>populi</span> <span class='ocrx_word' id='word_1_284' title='bbox 395 3721 516 3780; x_wconf 84' lang='lat' dir='ltr'>magnae</span> <span class='ocrx_word' id='word_1_285' title='bbox 534 3700 678 3762; x_wconf 83' lang='lat' dir='ltr'>Graeciae.</span> 
     </span>
     <span class='ocr_line' id='line_1_39' title="bbox 75 3778 1046 3858; baseline -0.011 -7"><span class='ocrx_word' id='word_1_286' title='bbox 75 3785 307 3851; x_wconf 81' lang='lat' dir='ltr'>liULLlENSPS</span> <span class='ocrx_word' id='word_1_287' title='bbox 318 3830 328 3858; x_wconf 94' lang='lat'>,</span> <span class='ocrx_word' id='word_1_288' title='bbox 341 3783 372 3844; x_wconf 91' lang='lat' dir='ltr'>in</span> <span class='ocrx_word' id='word_1_289' title='bbox 388 3781 480 3845; x_wconf 90' lang='lat' dir='ltr'>Pison.</span> <span class='ocrx_word' id='word_1_290' title='bbox 503 3802 551 3858; x_wconf 89' lang='lat'>40.</span> <span class='ocrx_word' id='word_1_291' title='bbox 568 3780 625 3841; x_wconf 87' lang='lat' dir='ltr'>srne</span> <span class='ocrx_word' id='word_1_292' title='bbox 644 3778 734 3841; x_wconf 90' lang='lat' dir='ltr'>dubio</span> <span class='ocrx_word' id='word_1_293' title='bbox 751 3797 767 3840; x_wconf 91' lang='lat' dir='ltr'>a</span> <span class='ocrx_word' id='word_1_294' title='bbox 782 3779 892 3840; x_wconf 83' lang='lat' dir='ltr'>Bullide</span> <span class='ocrx_word' id='word_1_295' title='bbox 905 3778 1046 3842; x_wconf 86' lang='lat' dir='ltr'>Macedo·</span> 
     </span>
     <span class='ocr_line' id='line_1_40' title="bbox 118 3858 1044 3946; baseline -0.009 -17"><span class='ocrx_word' id='word_1_296' title='bbox 118 3868 185 3929; x_wconf 87' lang='lat' dir='ltr'>niae</span> <span class='ocrx_word' id='word_1_297' title='bbox 206 3865 343 3946; x_wconf 89' lang='lat' dir='ltr'>(proprie</span> <span class='ocrx_word' id='word_1_298' title='bbox 365 3863 503 3945; x_wconf 72' lang='lat' dir='ltr'>Illyriae)</span> <span class='ocrx_word' id='word_1_299' title='bbox 521 3862 591 3922; x_wconf 88' lang='lat' dir='ltr'>urbe</span> <span class='ocrx_word' id='word_1_300' title='bbox 611 3864 638 3923; x_wconf 73' lang='lat' dir='ltr'>sc</span> <span class='ocrx_word' id='word_1_301' title='bbox 658 3858 768 3922; x_wconf 85' lang='lat' dir='ltr'>Caesari</span> <span class='ocrx_word' id='word_1_302' title='bbox 787 3861 823 3922; x_wconf 87' lang='lat' dir='ltr'>de</span> <span class='ocrx_word' id='word_1_303' title='bbox 839 3858 871 3924; x_wconf 88' lang='lat' dir='ltr'>B.</span> <span class='ocrx_word' id='word_1_304' title='bbox 893 3861 925 3923; x_wconf 92' lang='lat' dir='ltr'>C.</span> <span class='ocrx_word' id='word_1_305' title='bbox 946 3881 979 3941; x_wconf 86' lang='lat'>3,</span> <span class='ocrx_word' id='word_1_306' title='bbox 995 3882 1044 3936; x_wconf 86' lang='lat'>40.</span> 
     </span>
     <span class='ocr_line' id='line_1_41' title="bbox 118 3941 1048 4021; baseline -0.012 -11"><span class='ocrx_word' id='word_1_307' title='bbox 118 3959 301 4021; x_wconf 87' lang='lat' dir='ltr'>memorata,</span> <span class='ocrx_word' id='word_1_308' title='bbox 320 3947 397 4006; x_wconf 89' lang='lat' dir='ltr'>unde</span> <span class='ocrx_word' id='word_1_309' title='bbox 413 3945 445 4006; x_wconf 87' lang='lat' dir='ltr'>F.</span> <span class='ocrx_word' id='word_1_310' title='bbox 464 3944 579 4006; x_wconf 80' lang='lat' dir='ltr'>Urfinus</span> <span class='ocrx_word' id='word_1_311' title='bbox 597 3941 788 4003; x_wconf 88' lang='lat' dir='ltr'>rescribebat:</span> <span class='ocrx_word' id='word_1_312' title='bbox 811 3943 999 4014; x_wconf 63' lang='lat' dir='ltr'>dulmensis,</span> <span class='ocrx_word' id='word_1_313' title='bbox 1014 3952 1048 4000; x_wconf 90' lang='lat' dir='ltr'>ut</span> 
     </span>
     <span class='ocr_line' id='line_1_42' title="bbox 120 4022 1045 4096; baseline -0.011 -6"><span class='ocrx_word' id='word_1_314' title='bbox 120 4029 213 4091; x_wconf 88' lang='lat' dir='ltr'>habet</span> <span class='ocrx_word' id='word_1_315' title='bbox 229 4030 309 4089; x_wconf 90' lang='lat' dir='ltr'>idem</span> <span class='ocrx_word' id='word_1_316' title='bbox 324 4026 425 4091; x_wconf 88' lang='lat' dir='ltr'>Caesar</span> <span class='ocrx_word' id='word_1_317' title='bbox 438 4026 458 4086; x_wconf 92' lang='lat' dir='ltr'>l.</span> <span class='ocrx_word' id='word_1_318' title='bbox 478 4043 502 4084; x_wconf 94' lang='lat' dir='ltr'>c.</span> <span class='ocrx_word' id='word_1_319' title='bbox 520 4043 545 4085; x_wconf 93' lang='lat' dir='ltr'>c.</span> <span class='ocrx_word' id='word_1_320' title='bbox 569 4046 613 4085; x_wconf 87' lang='lat'>12.</span> <span class='ocrx_word' id='word_1_321' title='bbox 631 4025 702 4084; x_wconf 87' lang='lat' dir='ltr'>item</span> <span class='ocrx_word' id='word_1_322' title='bbox 716 4022 822 4085; x_wconf 90' lang='lat' dir='ltr'>Plinius</span> <span class='ocrx_word' id='word_1_323' title='bbox 844 4023 933 4084; x_wconf 89' lang='lat' dir='ltr'>maior</span> <span class='ocrx_word' id='word_1_324' title='bbox 948 4046 985 4096; x_wconf 89' lang='lat'>4,</span> <span class='ocrx_word' id='word_1_325' title='bbox 1001 4040 1045 4080; x_wconf 81' lang='lat' dir='ltr'>ro</span> 
     </span>
     <span class='ocr_line' id='line_1_43' title="bbox 118 4103 1046 4187; baseline -0.018 -12"><span class='ocrx_word' id='word_1_326' title='bbox 118 4109 195 4176; x_wconf 74' lang='lat' dir='ltr'>Phil.</span> <span class='ocrx_word' id='word_1_327' title='bbox 220 4131 275 4186; x_wconf 87' lang='grc' dir='ltr'>ιι,</span> <span class='ocrx_word' id='word_1_328' title='bbox 295 4130 338 4170; x_wconf 82' lang='grc' dir='ltr'>ιι.</span> <span class='ocrx_word' id='word_1_329' title='bbox 359 4108 464 4170; x_wconf 79' lang='lat' dir='ltr'>dicitur</span> <span class='ocrx_word' id='word_1_330' title='bbox 477 4105 581 4187; x_wconf 82' lang='lat' dir='ltr'>Byllis.</span> <span class='ocrx_word' id='word_1_331' title='bbox 605 4106 643 4167; x_wconf 77' lang='lat' dir='ltr'>ad</span> <span class='ocrx_word' id='word_1_332' title='bbox 659 4106 726 4168; x_wconf 84' lang='lat' dir='ltr'>Div.</span> <span class='ocrx_word' id='word_1_333' title='bbox 750 4125 804 4187; x_wconf 78' lang='lat'>13,</span> <span class='ocrx_word' id='word_1_334' title='bbox 825 4126 873 4181; x_wconf 83' lang='lat'>42.</span> <span class='ocrx_word' id='word_1_335' title='bbox 894 4103 1046 4164; x_wconf 78' lang='lat' dir='ltr'>Bulliones.</span> 
     </span>
    </p>
   </div>
   <div class='ocr_carea' id='block_1_3' title="bbox 0 0 1210 4560">
    <p class='ocr_par' dir='ltr' id='par_1_3' title="bbox 0 0 1210 4560">
     <span class='ocr_line' id='line_1_44' title="bbox 0 0 1210 4560; baseline 0 0"><span class='ocrx_word' id='word_1_336' title='bbox 0 0 1210 4560; x_wconf 95' lang='lat' dir='ltr'> </span> 
     </span>
    </p>
   </div>
  </div>
 </body>
</html>
