2340 4628
136 656 246 736 ‘m
380 652 910 739 'unorrrcrrs
1008 644 1011 649 ’

214 840 271 882 non
292 819 440 893 videbtur,
462 821 519 883 scd'
532 821 591 883 sumt
608 840 701 884 tamen
721 821 890 907 saepislime,
906 848 972 888 cum
998 822 1136 897 formulae

110 906 112 912 ’
213 910 390 987 constitutae,
409 912 437 973 b.
453 934 477 973 e.
494 913 546 996 legi
559 927 686 989 naturae,
702 934 863 999 repugnant.
886 916 930 979 Ex
945 920 999 981 bac
1016 922 1136 987 sormub

211 1008 311 1071 deinde
333 1008 434 1099 multae
451 1006 621 1090 quaestiones
642 1008 810 1092 propositus,
830 1013 931 1095 quibus
948 1012 1078 1079 officum
1100 1040 1137 1081 ex

212 1102 381 1185 temporibus
398 1106 559 1186 exquiritur,
575 1104 699 1188 explicat.

138 1394 150 1448 t
179 1276 425 1451 PUBLlUM
445 1367 653 1473 Scipionem,
666 1376 778 1448 Marce
795 1372 865 1465 sili,
881 1400 979 1471 eum,
993 1380 1053 1479 qui
1065 1384 1136 1481 pri.

142 1513 153 1548 ¹
174 1516 247 1564 mus
267 1489 444 1562 Africanus
466 1484 644 1585 appellatus
667 1482 733 1573 cll,
749 1485 859 1560 dicere
876 1488 1009 1563 solitum
1027 1494 1135 1594 scrip·

174 1597 211 1668 sit
236 1597 346 1685 Caro,
367 1596 425 1693 qui
446 1594 509 1667 suit
534 1593 603 1665 sere
624 1591 696 1665 eius
716 1593 881 1692 aequalis,
901 1596 1080 1694 Nunquam
1095 1606 1133 1696 se

172 1709 280 1777 minus
290 1707 423 1799 otiosum
433 1703 499 1803 effe,
507 1730 601 1798 quam
611 1729 680 1775 cum
690 1704 824 1797 otiosum
834 1732 888 1778 nec
897 1712 1133 1805 minussolum,

171 1844 265 1910 quam
278 1844 348 1888 cum
360 1818 453 1910 solus
463 1814 543 1914 effer.
558 1809 734 1911 Magnifica
753 1836 839 1888 vero
857 1838 950 1905 vor,
962 1832 997 1889 et
1009 1844 1133 1917 magno

57 1984 60 1991 .
171 1926 248 2001 viro
273 1952 313 1999 ac
338 1927 482 2033 sapiente
503 1925 622 2032 digna,
636 1948 723 2023 quae
741 1923 905 2009 declarat,
918 1925 1013 2000 illum
1036 1948 1070 2003 et
1095 1930 1132 2004 in

171 2036 247 2109 otio
275 2036 318 2109 de
345 2026 486 2134 negotiic
501 2022 678 2132 cogitare,
698 2058 733 2107 et
761 2032 796 2106 in
822 2032 997 2111 solitudine
1019 2038 1132 2115 secum

172 2148 265 2246 loqui
285 2148 437 2232 solitum3
452 2165 490 2218 ut
510 2169 618 2243 neque
639 2146 776 2220 cellaret
794 2166 1012 2244 unquam,et
1028 2150 1133 2225 inter·

171 2256 251 2328 dum
270 2256 444 2354 colloquio
457 2252 586 2327 alterius
606 2280 676 2328 non
688 2272 807 2352 egeret.
828 2258 942 2355 ltaque
954 2258 1040 2331 duae
1061 2284 1132 2351 res,

169 2391 256 2465 quae
277 2366 472 2465 languorem
494 2362 636 2438 afferunt
661 2365 804 2456 cereris,
829 2366 920 2438 illum
944 2371 1130 2465 acuebant,

171 2474 278 2552 otium
299 2493 333 2549 et
357 2473 510 2548 solitudo.
530 2473 659 2549 Vellem
674 2472 772 2548 nobis
794 2475 860 2550 boc
878 2477 969 2553 idem
986 2505 1067 2553 vere
1080 2482 1131 2554 di·

170 2608 246 2662 cere
267 2586 404 2661 liceret:
427 2585 481 2659 sed
503 2585 528 2659 sr
550 2585 659 2658 minus
682 2585 866 2661 imitatione
892 2606 1020 2669 tantam
1039 2590 1131 2691 inge·

171 2699 219 2771 nii
232 2695 460 2794 praestantiam
481 2696 640 2792 consequi
655 2695 844 2798 possumus,
857 2699 1032 2772 voluntate
1043 2720 1131 2776 certe

170 2806 325 2902 proxime
341 2803 549 2876 accedimus:
567 2829 643 2874 nam
665 2824 698 2876 et
718 2829 736 2876 a
755 2805 921 2903 republica
936 2804 1131 2880 forensibus·

170 2940 235 3014 que
257 2912 420 3012 negotiis,
434 2911 533 2983 armis
558 2910 685 3008 impiis,
699 2914 801 3012 vique
824 2913 1003 3011 prohibiti,
1023 2917 1129 2989 otium

169 3023 419 3120 persequimur;
434 3038 469 3094 et
486 3022 532 3093 ob
549 3046 620 3093 eam
644 3023 793 3115 causam,
807 3025 888 3097 urbe
907 3025 1130 3113 relidantur

136 3174 152 3210 2
170 3156 402 3237 peragrantes,
418 3134 509 3231 saepe
530 3131 590 3205 soli
614 3131 733 3205 sumus.
763 3133 826 3206 Sed
850 3159 910 3207 nec
929 3136 1039 3208 otium
1064 3136 1130 3207 boc

170 3274 249 3322 cum
270 3244 420 3319 Africani
435 3245 509 3317 otio
520 3298 530 3332 ‚
543 3268 605 3316 nec
619 3243 701 3316 haec
720 3242 862 3317 solitudo
881 3268 957 3315 cum
971 3243 1026 3315 illa
1039 3268 1129 3317 com·

170 3361 316 3457 paranda
330 3354 387 3429 est.
411 3354 469 3427 llle
488 3354 577 3426 enim
591 3353 798 3450 requiescens
809 3379 829 3424 a
842 3353 1049 3450 reipublicae
1061 3351 1130 3450 pul·

169 3468 340 3543 cherrimis
351 3467 542 3539 muneribus
560 3464 667 3536 otium
686 3463 745 3537 sibi
763 3463 910 3537 sumebat
931 3464 1130 3563 aliquando,

168 3599 203 3647 er
227 3600 245 3645 a
266 3594 365 3646 coetu
384 3574 557 3647 bominum
573 3571 826 3670 frequentiaque
848 3572 1037 3664 interdum,
1054 3592 1129 3646 tan·

169 3708 267 3782 quam
286 3684 321 3755 in
344 3705 498 3780 portum,
514 3674 547 3756 se
563 3684 596 3754 in
622 3682 830 3756 solitudinem
850 3682 1042 3781 recipiebat.
1062 3684 1127 3757 no·

168 3789 270 3863 lirum
281 3809 390 3863 autem
405 3791 510 3861 otium
532 3790 656 3888 negotii
670 3792 802 3887 inopia,
817 3815 888 3863 non
901 3793 1129 3891 requiescendi

168 3901 294 3991 studio,
308 3900 520 3974 constitutum
542 3902 599 3974 est.
610 3901 771 3975 exstineto
786 3902 876 3975 enim
892 3904 1004 3979 senatu
1015 3958 1028 3997 ,
1038 3906 1128 3978 delo

165 4013 274 4109 risque
289 4012 417 4084 iudiciis
429 4013 530 4109 ,quid
552 4012 599 4085 est
611 4064 623 4101 ,
635 4013 727 4111 quod
747 4015 885 4109 dignum
911 4015 1012 4087 nobis
1025 4038 1082 4089 aur
1095 4015 1128 4085 in

135 4125 281 4214 scuria,
301 4145 356 4198 aut
378 4124 411 4196 in
435 4122 514 4197 soro
536 4146 630 4222 cgere
653 4122 839 4218 pollimusl
868 4125 983 4221 ltaque
1007 4123 1068 4224 qui
1082 4124 1129 4193 -in
