2340 4628
31 594 35 603 ’
171 630 238 707 108
423 628 912 707 natamus

114 798 145 871 ⁸3
163 790 287 864 derent.
308 790 344 863 0
353 788 462 863 virum
475 791 644 885 magnum,
658 788 883 886 dignumque,
894 786 953 888 qui
968 784 1005 861 ln
1015 786 1126 865 nullu

161 902 329 999 republica
342 922 435 977 natus
452 901 548 975 effetl
572 902 625 977 Sic
637 926 697 998 par
709 899 756 975 est
772 924 868 997 agere
881 924 961 973 cum
972 900 1123 986 civibua3

51 1088 55 1097 ,
161 1034 233 1081 non
252 1009 319 1109 (ut
337 1012 388 1085 bis
402 1013 467 1083 iam
484 1008 655 1108 vidimus)
678 1009 803 1082 hallam
820 1011 856 1081 in
879 1008 960 1081 foro
977 1032 1126 1105 ponere,

162 1135 198 1190 et
223 1120 310 1191 bona
335 1120 461 1193 civium
487 1120 566 1193 voci
595 1119 751 1193 subiicere
780 1120 966 1215 praeconis.
997 1124 1045 1193 At
1070 1122 1128 1196 ille

164 1227 312 1301 Graecus
330 1225 390 1327 (id
410 1229 503 1323 quod
524 1226 589 1300 suit
605 1225 758 1321 sapientis
778 1248 812 1299 et
829 1226 1128 1327 praestantisviri)

164 1337 322 1413 omnibus
331 1340 567 1414 consulendum
578 1338 843 1435 putavit;eaque
853 1338 1129 1429 estsummamio

164 1470 199 1519 et
215 1447 370 1545 sapientia
385 1451 466 1521 boni
479 1449 585 1532 civis,
596 1448 777 1521 commoda
790 1447 919 1521 civium
934 1472 1005 1521 non
1017 1448 1128 1523 diuel-

163 1556 249 1643 lere,
263 1576 361 1653 atque
374 1582 491 1629 omnes
505 1557 666 1647 aequitate
684 1558 802 1631 eadem
821 1556 1003 1631 contmere.
1026 1558 1129 1631 Habi-

162 1684 234 1741 tent
248 1670 346 1759 gratis
354 1668 389 1741 iu
398 1670 528 1742 alieno?
544 1667 637 1760 Quid
654 1666 722 1741 ital
740 1672 801 1757 Ut,
809 1694 886 1741 cum
894 1692 963 1765 ego
975 1668 1129 1753 emelim,

164 1775 381 1863 aedificarim‚
392 1797 503 1861 tuear,
516 1775 719 1873 impendam,
731 1798 784 1863 tu,
798 1801 853 1849 me
865 1776 1003 1863 invito,
1018 1774 1129 1851 fiune

166 1884 272 1957 meol
296 1889 388 1980 Quid
397 1887 443 1959 ell
456 1888 558 1978 aliud,
570 1886 640 1961 aliis
657 1886 712 1960 sua
724 1886 952 1983 eripere‚alila
964 1888 1128 1963 darealie·

118 2014 151 2077 84
167 1993 230 2066 nal
243 1994 389 2069 Tabulae
400 2023 484 2071 vero
499 2022 608 2071 novae
621 1997 703 2094 quid
715 1997 835 2069 habent
846 1990 1054 2093 argumenti,
1068 1996 1128 2071 nili

167 2122 205 2177 ut
223 2127 312 2179 emas
328 2131 400 2179 mea
418 2107 557 2202 pecunia
575 2105 717 2179 fundum
729 2128 741 2188 ;
754 2130 831 2178 eum
851 2126 888 2179 tu
911 2107 1049 2191 babeas,
1060 2130 1128 2205 ego

100 2234 152 2304 24
168 2238 237 2285 non
257 2217 395 2290 habeam
420 2217 625 2316 pecuniam?
661 2216 913 2309 Quamobrem,
940 2240 984 2290 ne
1007 2216 1048 2291 fit
1073 2240 1128 2289 aes

166 2322 330 2409 alienum,
355 2327 450 2424 quod
482 2325 680 2422 reipublicae
712 2342 850 2413 noceat,
876 2326 1127 2422 providendum

164 2430 236 2517 ell3
255 2434 349 2531 quod
369 2436 481 2509 multis
505 2435 693 2509 rationibus
711 2434 825 2507 caveri
846 2433 977 2530 potest;
998 2432 1127 2522 nonde

165 2540 285 2631 fuerit,
306 2564 344 2618 ut
364 2544 544 2643 locupletes
567 2545 660 2619 suum
690 2546 851 2639 perdant,
877 2544 1049 2619 debitores
1072 2544 1126 2617 lu·

166 2652 462 2727 crentutalienum.
484 2680 546 2728 nec
559 2656 646 2729 enim
658 2654 723 2726 ulla
735 2678 787 2725 res
799 2652 1032 2725 vehementius
1043 2678 1127 2727 rem·

164 2759 329 2852 publicam
344 2764 493 2835 continet
503 2816 514 2851 ,
525 2764 627 2861 'quam
642 2762 724 2837 fides
738 2816 751 2847 ‚
773 2788 859 2859 quae
881 2761 946 2836 elle
964 2762 1052 2837 nulla
1064 2786 1130 2861 po«

166 2865 247 2956 test,
266 2868 325 2939 nili
344 2871 406 2942 erit
430 2871 605 2944 necelsaria
631 2873 752 2945 solutio
780 2897 891 2945 rerum
916 2872 1132 2951 creditarum.

166 2978 348 3076 Nunquam
369 2981 598 3055 vehementius
612 2982 720 3055 allum
735 2983 802 3068 est,
817 3008 919 3082 quam
938 3008 995 3057 me
1008 2982 1128 3059 eonsu-

166 3088 221 3178 le,
236 3112 278 3161 ne
293 3088 484 3163 solveretur.
505 3092 605 3165 armis
623 3110 656 3166 et
675 3092 785 3168 castris
802 3111 922 3170 tentata
943 3118 998 3169 rea
1018 3094 1067 3169 ell
1085 3096 1133 3169 ab

169 3199 263 3272 omni
290 3224 411 3298 genere
427 3202 601 3277 bominum
617 3224 650 3278 et
664 3206 784 3277 ordine
798 3230 811 3288 ς
824 3206 945 3303 qulbus
958 3205 1004 3279 fic
1015 3202 1128 3296 restiti,

63 3348 67 3355 ·
167 3331 205 3383 ut
221 3311 287 3383 hoc
304 3330 430 3385 tantum
454 3313 577 3385 malum
596 3314 638 3386 ‹le
658 3314 825 3407 republica
840 3313 1025 3387 tolleretur.
1043 3336 1128 3387 mm·

166 3443 266 3514 quam
275 3446 335 3495 nec
348 3424 451 3497 maius
460 3448 514 3495 aes
522 3423 662 3497 alienum
671 3422 825 3506 luit;nec
833 3423 963 3509 melius,
975 3446 1038 3495 nec
1047 3421 1128 3497 saci·

166 3535 229 3608 lius
243 3537 431 3613 dilsolutum
442 3541 498 3613 est.
508 3541 679 3615 fraudandi
690 3542 777 3614 enim
786 3541 841 3638 spe
853 3539 990 3629 sublata,
999 3538 1129 3615 solven-

21 3706 25 3713 .
167 3642 203 3714 di
216 3646 383 3722 neceffitas
394 3652 569 3725 consecuta
587 3652 643 3726 ell.
659 3658 705 3725 At
715 3677 800 3725 vero
818 3652 873 3726 hic
893 3676 985 3725 nunc
998 3650 1131 3739 viem,

167 3770 240 3823 tum
254 3753 386 3849 quidem
404 3760 511 3833 villus
522 3816 533 3847 ,
544 3786 629 3857 quae
641 3763 814 3861 cogitarat,
827 3788 866 3834 ea
876 3758 1040 3858 perfecit,
1054 3786 1129 3837 uum

167 3860 237 3931 eius
251 3862 316 3931 iam
331 3865 411 3935 nihil
429 3866 601 3945 interelset.
629 3892 715 3945 tanta
730 3873 765 3944 in
786 3896 831 3946 eo
847 3870 1010 3968 peccandi
1025 3870 1136 3943 libido

167 3969 248 4058 fuit,
259 3988 296 4042 ut
315 3973 381 4046 boc
399 3976 505 4071 ipsum
519 4005 596 4053 eum
614 3982 808 4069 duellam,
821 4006 980 4078 peccare,
994 3978 1132 4054 etima

120 4103 149 4175 ις
169 4083 262 4161 causa
288 4110 356 4161 non
376 4086 466 4162 ellel.
496 4090 548 4163 Ab
566 4092 634 4167 bec
658 4091 761 4191 igitur
779 4118 898 4190 genere
921 4091 1138 4193 largitionis..
