2340 4628
171 624 238 697 ,ιι
420 618 924 711 ςιτοιιιιοιι

50 838 55 845 -
93 790 123 843 -'
165 783 254 857 enim
267 780 302 855 in
315 777 367 856 his
384 779 497 855 studiis
508 778 742 879 laboribusque
762 780 894 855 viventi
912 806 986 855 non
1005 780 1126 859 intelli·¹

163 891 272 990 gitur,
286 892 422 993 quando
434 892 575 989 obrepat
592 888 745 965 feneum
764 893 813 964 lta
825 888 943 967 sensrm
956 892 1025 965 sme
1036 893 1123 968 sensu

163 1022 252 1079 aetas
266 1004 423 1091 senescit3
440 1026 504 1075 uec
522 999 630 1079 subito
646 997 810 1106 frangitur
820 1053 834 1092 ‚
844 1000 902 1077 sed
914 1000 1123 1079 diuturnitate

163 1110 392 1209 exstinguitiu.

98 1236 147 1295 ἰι
198 1220 369 1321 ··Sequitur
390 1220 488 1297 tertia
509 1215 710 1318 vituperatio
729 1216 923 1307 senectutis,
942 1218 1038 1319 quod
1051 1240 1121 1289 eam

113 1354 147 1407 ιι
163 1356 276 1409 carere
303 1334 417 1407 dicunt
440 1331 677 1428 voluptatibus.
717 1330 754 1401 Ο
776 1328 987 1425 praeclamm
1008 1352 1121 1403 mumrs

161 1443 300 1531 aetatis,
315 1442 487 1540 siquidem
507 1442 543 1515 id
561 1442 670 1515 aufert
682 1440 800 1527 nobie,
815 1440 912 1538 quod
932 1440 982 1521 est
995 1440 1031 1514 in
1044 1441 1122 1515 ado·

88 1546 100 1565 ‘
159 1548 316 1625 lescentia
326 1547 569 1623 vitiofiffimum
583 1548 592 1625 l
608 1545 759 1645 Accipite
771 1547 882 1638 enim,
897 1548 1022 1647 oprimi
1039 1547 1121 1622 ado·

160 1654 340 1746 lescemes,
362 1677 511 1731 veterem
534 1656 724 1737 orationem
749 1657 921 1757 Archytae
933 1654 1120 1741 Tarentini,

159 1765 274 1865 magni
284 1766 319 1837 in
332 1766 470 1863 primis,
480 1785 514 1841 et
527 1766 685 1865 praeclari
699 1766 765 1845 viti
777 1791 790 1853 ς
804 1792 889 1863 quae
905 1766 991 1842 mihi
1008 1766 1121 1841 tradita

159 1872 231 1966 est,
245 1899 324 1949 cum
350 1874 452 1951 essem
473 1875 666 1951 adolescens
690 1874 928 1951 Tarentinam
951 1875 1121 1969 (2.Μώ-

159 2008 232 2059 mu.
258 1983 393 2063 Nullam
417 1982 645 2083 capitaliorem
670 1982 816 2081 pellem,
838 2010 942 2083 quam
968 1981 1120 2082 corporis

158 2090 388 2191 voluptatem,
404 2090 597 2165 hominihus
613 2092 779 2167 dicebata
795 2114 911 2167 natura
922 2092 1056 2181 datam
1067 2118 1121 2167 cu·

158 2198 212 2275 ius
226 2199 410 2297 voluptatis
422 2201 539 2275 avidae
552 2201 704 2277 libidines
720 2220 844 2305 temere
861 2220 896 2275 et
908 2200 1068 2279 effrenate
1079 2201 1120 2277 ad

108 2342 142 2391 ιο
159 2310 386 2407 potiundum
378 2311 603 2389 incitarentur
632 2314 722 2386 Hinc
748 2298 871 2409 patriae
888 2312 1119 2409 proditiones.

159 2419 240 2492 hinc
254 2422 572 2521 rerumpublicarrun
586 2422 798 2511 eversrones,
817 2422 895 2496 hinc
917 2448 996 2497 cum
1016 2422 1118 2498 holli-

158 2526 221 2609 bus
232 2528 429 2621 claudestina
444 2528 612 2629 colloquia
625 2529 733 2604 nasci:
749 2526 877 2603 nullum
893 2527 1041 2629 denique
1052 2532 1119 2609 sce·

156 2634 367 2725 lus,nullum
389 2640 511 2711 malum
528 2636 654 2711 facinus
677 2636 758 2727 elle,
771 2638 812 2711 ad
832 2639 926 2735 quod
940 2638 1118 2738 suscipien-

156 2746 237 2819 dum
254 2772 323 2817 ιιοιι
339 2746 443 2819 libido
457 2746 635 2843 voluptatis
657 2747 837 2845 impelleret
854 2771 865 2818 t
887 2744 997 2847 stupra
1011 2774 1116 2839 uero,

154 2876 190 2931 et
208 2854 388 2945 adulteria,
408 2878 442 2929 et
459 2882 561 2931 omne
580 2860 644 2932 tale
666 2858 851 2957 flagitium,
868 2861 965 2939 nullis
987 2862 1061 2939 aliia
1081 2862 1117 2937 il·

153 2966 295 3041 lecelrris
320 2964 483 3058 excitari,
512 2966 571 3041 nifi
600 2969 792 3066 voluptatis.
824 2994 971 3069 cumque
1004 2972 1113 3049 homi·

154 3076 191 3147 ni
217 3074 287 3148 save
311 3098 452 3167 natura,
474 3076 543 3153 five
569 3078 644 3176 quis
672 3080 753 3153 deus
780 3078 860 3153 nihil
881 3098 994 3155 mente
1022 3105 1114 3179 prae·

152 3183 300 3259 stabilius
327 3184 490 3271 dedissem
523 3186 602 3273 huic
634 3188 753 3264 divino
782 3186 914 3263 muneri
944 3214 983 3263 ac
1021 3192 1114 3267 douo

102 3330 133 3383 aa
122 3296 236 3387 :nillil
262 3292 328 3371 esse
353 3314 421 3370 tam
441 3294 642 3387 inimicum,
667 3324 766 3395 quam
794 3297 1013 3396 voluptatem.
1039 3304 1113 3379 Nec

144 3402 244 3483 enim
259 3404 396 3482 libidine
422 3406 616 3483 dominante
639 3406 873 3505 temperantiae
890 3407 1007 3483 locum
1026 3411 1114 3499 effe·

151 3542 261 3613 neque
286 3518 428 3591 omnino
448 3516 483 3590 in
505 3517 685 3616 voluptatis
705 3544 811 3618 regno
836 3518 997 3595 virtutem
1019 3522 1112 3621 poffe

149 3620 339 3703 conlistere.
364 3624 459 3723 quod
479 3650 550 3723 quo
567 3625 669 3725 magis
681 3624 818 3727 intelligi
839 3626 968 3725 pollet,
988 3628 1112 3731 lingere

149 3728 266 3805 animo
291 3730 435 3827 aliquem
455 3730 608 3822 iubebat,
625 3751 715 3805 tanta
741 3730 914 3843 incitatum
936 3737 1119 3837 voluptate¹

149 3836 322 3934 corporis,
335 3859 458 3936 quanta
471 3866 598 3943 perc1pr
588 3840 716 3941 pollet
728 3869 882 3921 maxrma
883 3840 1023 3933 nemini
1036 3874 1110 3925 cen·

148 3944 238 4035 (ebat
261 3944 335 4021 fore
350 3947 488 4039 dubium
496 3956 601 4053 ,quin
613 3956 763 4048 tamdiu,
777 3958 885 4032 dum
874 3982 921 4033 ata
922 3960 1111 4058 gauderem

149 4054 231 4149 nihil
244 4057 366 4169 agitare
375 4079 510 4157 mente,
529 4064 614 4145 nihil
632 4066 782 4163 ratione,
802 4064 884 4147 nibil
902 4069 1109 4177 cogitatione
