2340 4628
837 348 848 419 l
933 412 940 419 .

364 632 630 715 ‘LIBER
675 632 731 727 ll·
830 645 838 719 ,’
1007 638 1061 743 89'

89 798 251 903 requiete
268 794 502 877 condienda
516 799 665 877 summor
676 824 755 885 urm
764 796 889 877 iuliou't
900 798 970 901 pori
982 801 1057 879 iure

89 906 1059 1011 rmoebmhrbmquecoostituendarumlegumfiritcau·

90 1018 244 1121 laque
262 1022 468 1123 regimme
490 1017 581 1093 euim
601 1018 1056 1119 sempermnefimmetiao·
1147 1088 1151 1093 .

89 1124 738 1229 qrnbilemqoeeqn'maliteqeffetim.
764 1124 1052 1207 ldfiabuooiu·
1070 1150 1131 1205 ⁴²-

92 1232 140 1311 llo
150 1256 187 1313 et
200 1238 303 1313 bono
318 1236 401 1313 viro
420 1234 773 1335 consequebanmm
789 1254 884 1311 eram
894 1239 1055 1313 contenti.

89 1344 216 1421 mmid
231 1345 1053 1447 minmcomiogeret,legessuot‘iuveotae,quae
1091 1380 1110 1409 -·

89 1457 343 1533 otmomnibut
360 1458 488 1559 semper
504 1457 808 1555 meatqueeadem
828 1456 1054 1556 v‘ooeloque·
1088 1540 1093 1549 ,
1156 1554 1161 1561 η

91 1582 218 1641 ιιιιιιιι.
240 1566 336 1667 Ergo
361 1565 429 1639 hoc
446 1562 583 1663 quiidem
601 1563 812 1663 perspicuum
832 1560 903 1655 eli,
923 1586 984 1639 eoo
1007 1563 1053 1641 ad
1084 1590 1088 1599 ·

90 1668 436 1773 homodrmdeligi
447 1670 575 1759 solitos,
588 1696 734 1771 quorum
745 1671 789 1747 de
799 1670 1051 1771 ruthmmagm
1102 1766 1130 1777 ..

88 1778 168 1855 effer
186 1780 308 1881 opinio
323 1778 554 1855 multimdiois.
579 1780 747 1873 Adiuoflo
770 1798 926 1875 vero,ut
945 1780 1050 1861 iidem

89 1886 187 1963 ιιήιιι
209 1888 618 1989 paucarumbeenm,
633 1891 717 1977 nihil
729 1909 800 1967 erat
802 1882 1049 1991 ,quodlromi·
1151 1902 1155 1909 '

87 2020 148 2071 oes
161 1996 216 2073 ltis
235 1997 423 2075 melorum
435 1996 612 2121 ooupotle
629 1998 788 2097 consequi
801 1996 835 2073 se
846 1998 1046 2075 arbitraren-

87 2124 155 2179 tur.
174 2105 311 2183 Omni
301 2104 402 2206 igitur
417 2105 545 2180 ratione
564 2106 702 2182 colenda
716 2126 751 2182 et
763 2106 932 2185 retinenda
952 2106 1045 2182 iusti·

89 2214 132 2286 tia
148 2212 220 2303 est,
232 2237 304 2291 tum
317 2214 386 2312 ipsa
396 2227 533 2311 propter
543 2212 633 2301 sese
647 2240 721 2288 nam
735 2213 827 2289 aliter
839 2186 961 2292 iustitia
974 2240 1045 2288 non

88 2321 182 2408 ellet3
195 2339 267 2395 tum
276 2344 413 2420 propter
422 2312 712 2418 atnplrficatronem
722 2322 860 2397 honorrs
870 2341 902 2396 et
910 2324 1045 2423 glottae

88 2434 150 2507 Sed
162 2454 200 2507 ut
213 2434 371 2530 pecuniae
384 2455 453 2505 non
473 2433 678 2531 quaerendae
696 2432 801 2505 solum
815 2434 900 2507 ratio
912 2432 976 2523 est,
988 2434 1045 2507 sed

87 2545 185 2620 etiam
200 2544 436 2632 collocandae,
449 2568 535 2642 quae
553 2566 735 2640 perpetuos
750 2542 872 2616 sumtus
891 2542 1047 2640 suppedi·

88 2672 153 2746 tet,
168 2680 231 2731 nec
251 2656 356 2730 solum
381 2653 594 2744 neceffarios,
615 2653 672 2728 sed
695 2653 793 2727 etiam
816 2651 987 2727 liberales:
1003 2651 1048 2727 fic

87 2761 195 2859 gloria
205 2785 242 2837 er
256 2762 456 2863 quaerenda,
470 2786 504 2837 et
514 2761 707 2837 collocanda
715 2760 842 2835 ratione
853 2759 908 2855 eti.
922 2762 1047 2855 Quam·
1065 2789 1098 2844 ιι

84 2894 187 2967 quam
202 2873 366 2969 praeclare
380 2872 548 2959 Socrates,
558 2873 642 2946 hanc
655 2872 745 2947 viam
758 2871 800 2946 ad
813 2870 952 2971 gloriam
966 2896 1048 2970 pro·
1073 2910 1078 2925 .

86 2981 212 3055 xlmam
225 3004 260 3057 et
271 2981 360 3082 quasi
378 2984 658 3078 compendiariam
677 2983 804 3058 dicebat
822 2981 906 3068 elle,
925 2981 950 3053 fi
969 2983 1049 3079 quis

84 3086 451 3192 idageret,ut,qualis
475 3093 584 3167 haberi
600 3094 721 3183 vellet,
734 3090 916 3167 talis‘ellet.
942 3091 1049 3184 Quod
1080 3120 1086 3129 ·

87 3199 189 3298 fiqui
201 3199 431 3286 fimulatione,
444 3216 477 3272 et
488 3199 577 3273 inani
589 3198 826 3286 ostentatione
838 3215 871 3270 et
883 3195 964 3268 fluo
978 3220 1048 3267 ιιοιι

85 3309 195 3382 modo
206 3308 378 3399 sermone
391 3305 447 3381 ted
458 3330 556 3383 etiam
569 3309 682 3394 vultu,
692 3305 837 3379 stabilem
857 3303 889 3377 se
904 3300 1044 3402 gloriam

85 3418 245 3543 consequi
257 3419 351 3519 polle
367 3437 498 3508 rentur,
512 3419 729 3499 vehementer
740 3431 858 3489 errant.
872 3416 959 3485 Vera
972 3412 1046 3513 glo-

84 3527 132 3601 ria
153 3530 284 3602 radices
302 3528 386 3627 agit,
399 3549 496 3626 atque
520 3525 619 3600 etiam
640 3541 864 3624 propagatum
876 3521 949 3598 tua
963 3548 1044 3598 om·

85 3640 138 3713 nia
158 3637 318 3715 celeriter
324 3656 503 3738 ‚tanquam
517 3637 662 3729 flosculi,
673 3636 851 3726 decidimt,
869 3634 1043 3711 necfimu·

83 3751 186 3825 latum
206 3750 316 3848 potest
332 3751 513 3850 quidquam
535 3749 601 3825 elle
619 3750 819 3831 diuturnum.
839 3750 953 3825 Testes
973 3742 1061 3824 sunt

83 3862 240 3958 permulti
259 3862 295 3934 in
309 3880 483 3960 utramque
504 3883 628 3958 partem
640 3884 652 3947 3
666 3859 722 3934 sed
743 3858 914 3935 brevitatis
926 3858 1043 3946 causa,

83 3969 213 4046 familia
243 3973 369 4047 erimus
399 3971 546 4047 contenti
571 3995 645 4044 una.
669 3970 724 4045 Ti.
745 3970 834 4046 enim
852 3970 1046 4058 Gracchus,

86 4078 119 4157 P.
134 4084 166 4161 f.
181 4080 312 4157 tamdm
335 4072 544 4174 laudabitur,
556 4080 636 4155 dum
655 4080 948 4165 memoriareru'm
973 4079 1044 4167 Ro·
