2340 4628
220 654 827 736 nntnosontttconuu.
950 684 1018 762 3¹5

68 814 364 893 ellinimiciffimus
383 816 620 915 philosophiae.
639 843 824 919 congruere
841 822 931 897 'enim
944 847 1022 897 eum
1118 893 1123 902 ,
1142 886 1145 891 .

68 929 267 1027 cogitatione
279 950 398 1026 magna
412 930 567 1027 voluptas
580 931 732 1028 corporis
742 954 812 1004 non
824 930 941 1031 potest.
950 937 1026 1034 quis

68 1040 173 1130 enim,
192 1066 270 1118 cum
284 1059 397 1117 utatur
412 1041 585 1140 voluptate
597 1068 656 1132 ea,
667 1067 733 1143 qua
745 1043 829 1117 nulla
840 1044 939 1142 potue
950 1072 1025 1121 tna·

68 1150 116 1231 iot
127 1151 215 1245 esse,
226 1154 394 1228 attendere
405 1151 578 1242 animum,
590 1154 1024 1256 initetationem,cogitate

68 1261 207 1337 omnino
221 1262 401 1362 quidquam
415 1262 628 1364 potefllquis
638 1287 749 1339 autem
763 1283 872 1340 tantus
885 1268 933 1341 esi
946 1292 1024 1366 gur-

68 1394 145 1471 ges,
164 1370 225 1469 qui
239 1373 309 1447 dies
320 1394 355 1446 et
367 1374 479 1447 nolles
494 1374 560 1450 sine
576 1376 642 1449 ulla
654 1376 785 1450 minimi
797 1377 958 1475 temporis
971 1379 1024 1452 in·
1115 1406 1124 1423 ‘

68 1479 266 1559 termiffione
276 1481 360 1557 velit
376 1482 421 1554 ita
438 1483 571 1557 moveri
591 1486 667 1558 suos
684 1485 816 1575 sensus,
833 1502 870 1558 ut
883 1510 1024 1560 moven-

68 1608 117 1663 tut
135 1589 171 1661 in
186 1589 320 1666 summis
329 1591 583 1687 voluptatibus?
597 1594 672 1692 quis
686 1614 797 1669 autem
812 1596 902 1669 hona
915 1613 1025 1669 tnente

68 1698 237 1797 paedittu
252 1725 322 1775 non
343 1701 454 1776 mallet
470 1703 574 1777 nullas
593 1702 737 1778 omnino
755 1703 854 1779 nobis
873 1722 1026 1778 enatura

68 1811 254 1907 voluptates
272 1813 387 1887 datas?

112 1932 163 2006 D.
174 1935 272 2007 Ave.
285 1957 393 2005 contra
405 1936 513 2034 Pelag.
524 1938 579 2008 lib.
591 1940 625 2011 5.
638 1964 707 2033 cap.
720 1934 781 2035 5.)
794 1942 810 1974 ⁸
828 1952 907 2012 mne
927 1935 1038 2033 obse·.

68 2066 185 2145 qmtut
208 2062 365 2130 natutae,
386 2068 464 2117 cum
490 2042 557 2119 sine
583 2045 739 2144 magistro
764 2046 917 2137 senserit,
944 2044 1027 2146 quid

68 2173 182 2226 natura
197 2148 367 2223 desideret

110 2276 213 2349 NON.
226 2279 294 2348 Ubi
305 2278 463 2372 genitivus
472 2304 530 2370 pro
540 2276 715 2366 ablativo.)
729 2279 769 2347 Et
780 2275 836 2375 qui
849 2276 1027 2374 exspellat,

68 2385 189 2481 pendet
206 2384 328 2472 animi,
342 2384 417 2482 quia
430 2384 578 2481 semper,
593 2384 674 2480 quid
686 2382 833 2457 fututum
846 2384 883 2457 lit
892 2438 905 2473 ,
917 2386 1026 2459 incer·
1133 2470 1148 2493 Ι,

68 2494 210 2570 mmest

115 2620 216 2689 NON.
230 2620 345 2688 Noxia
357 2646 378 2688 a
392 2612 515 2713 noxa.)
530 2616 572 2688 Et
586 2614 703 2689 ceteris
717 2612 851 2714 quidem
866 2614 900 2687 itt
913 2616 1029 2705 rehtu,

68 2725 233 2826 inquibus
249 2744 380 2822 peccata
394 2750 464 2798 non
478 2726 620 2800 maxima
633 2723 763 2817 insunt,
781 2723 896 2799 noxias
915 2743 1028 2801 tamen

68 2834 226 2909 inserunt.

114 2960 216 3034 Nou.
238 2959 436 3057 Equulcus.)
461 2962 510 3033 Ut
532 2958 632 3058 igitur
653 2957 837 3033 domitores
858 2979 1037 3056 equorum.

68 3092 139 3141 non
158 3064 297 3142 verbera
311 3067 418 3141 solum
432 3069 588 3142 adhibent
603 3071 644 3142 ad
664 3070 868 3141 domandum
883 3120 894 3156 ‚
913 3066 969 3139 sed
983 3064 1028 3139 ci·

68 3180 148 3253 uun
168 3177 268 3252 etiam
281 3178 496 3269 subtrahunt,
517 3200 554 3254 ut
567 3179 655 3252 fame
669 3179 858 3281 debilitetur
874 3175 1028 3275 equuleo

68 3314 142 3363 ntm
168 3290 267 3364 nimis
288 3288 444 3366 effrenata
460 3292 523 3367 vis.
613 3286 617 3293 ’

115 3416 217 3488 Nou.
231 3413 408 3513 Limum.)
422 3415 493 3511 Qui
518 3440 594 3490 cum
613 3412 762 3512 publicas
784 3408 918 3485 iniurias
939 3407 1027 3484 lente

68 3522 320 3614 ntlillet,suam
334 3550 405 3599 non
417 3526 504 3601 tulit.
670 3604 674 3617 ,

115 3648 220 3720 Non.
241 3648 453 3748 continens.)
476 3653 512 3721 ln
526 3643 772 3720 continentibus
784 3640 918 3743 quidem
933 3638 1032 3717 tertis

68 3755 217 3839 vestntm
231 3780 357 3829 nomen
376 3754 502 3837 dilatati
522 3752 641 3849 potell.

116 3876 221 3949 NON.
247 3872 440 3972 Confitere.)
470 3877 517 3945 Ea
547 3872 681 3946 facultas
704 3868 823 3951 nostris
850 3868 1036 3945 maioribuu

68 4003 159 4068 mt,
172 3983 231 4082 qui
248 3982 405 4057 consellis
420 3980 715 4059 senatusconsultis.

115 4111 220 4183 Nou.
238 4103 358 4204 Acte.)
376 4109 396 4147 ⁴*
409 4106 504 4205 quod
520 4105 649 4181 ulterius
662 4105 832 4205 ingenium
845 4100 890 4178 sic
908 4098 1006 4175 dulce
1015 4148 1039 4190 ,.
