2340 4628
808 434 818 457 b

352 590 578 712 urunt
630 640 713 713 ιιι.
884 636 897 649 ’
962 664 1029 740 ¹57

54 827 99 875 ex
111 819 187 875 tota
200 801 265 875 bac
278 800 376 876 laude
391 802 531 901 Reguli,
546 825 648 873 unum
659 798 739 873 illud
750 796 798 874 est
811 798 1031 878 admiratione

55 913 222 1011 dignum,
246 913 341 1012 quod
363 913 518 1010 captivos
541 910 732 987 retinendos
753 911 927 987 censuerit.
952 938 1031 986 nam

58 1024 154 1122 quod
162 1024 279 1114 rediit,
287 1022 385 1096 nobis
395 1048 485 1097 nunc
492 1021 643 1097 mirabile
652 1019 805 1110 videtur;
819 1021 884 1096 illis
895 1023 1031 1121 quidem

58 1133 273 1231 temporibus
295 1132 391 1206 aliter
410 1131 521 1207 sacere
534 1156 605 1205 non
627 1131 749 1229 potuit.
761 1131 944 1231 itaqueista
961 1132 1044 1207 latu·

61 1266 132 1316 non
152 1241 204 1317 est
219 1243 366 1319 bominis
379 1294 392 1331 ,
404 1245 461 1320 sed
480 1264 683 1341 temporum.
705 1243 832 1317 nubum
849 1242 940 1318 enim
953 1242 1033 1318 vin·

61 1353 175 1428 cuium
196 1356 241 1428 ad
260 1355 526 1456 adstringendum
550 1354 653 1429 sidem
682 1354 899 1430 iureiurando
919 1356 1034 1429 maio·
1132 1368 1136 1375 '

62 1487 116 1536 res
138 1462 258 1537 arsiius
280 1463 346 1539 esse
367 1466 558 1541 voluerunt.
584 1464 620 1538 id
643 1462 792 1539 indicant
814 1464 905 1561 leges
921 1463 957 1537 in
978 1485 1034 1538 xrr

63 1571 203 1661 tabulis,
217 1573 367 1647 indicant
390 1576 532 1648 sacratae
545 1628 558 1666 ,
573 1575 722 1651 indicant
739 1575 901 1666 foedera,
914 1573 1050 1674 quibus

63 1678 168 1761 etim
184 1704 263 1754 curn
276 1682 371 1757 hoste
384 1682 571 1758 devincitur
589 1683 672 1759 sides
687 1711 697 1758 r
711 1684 860 1761 indicant
878 1684 1036 1759 notiones

65 1785 435 1889 animadversionesque
455 1792 628 1868 censorum
641 1819 653 1881 ;
668 1793 725 1893 qui
748 1794 837 1868 nulla
859 1794 958 1868 dere
980 1795 1036 1869 di·
1110 1890 1113 1895 Ι

64 1898 240 1997 ligentins,
252 1927 353 2002 quam
366 1904 409 1976 de
422 1902 658 1995 iureiurando,
672 1906 868 1982 iudicabant.
882 1911 919 1980 L
934 1910 1034 1981 Mm-
1056 1943 1082 1980 ιι

66 2006 134 2095 iio,
148 2013 192 2084 A.
209 2013 244 2084 F.
259 2036 337 2086 cum
356 2013 505 2086 diuaror'
516 2011 645 2101 suisset,
666 2018 716 2088 M.
737 2018 962 2115 Pomponius,
973 2019 1036 2092 tri·

67 2117 176 2193 bonus
198 2123 323 2219 plebis,
337 2122 426 2196 diem
448 2123 552 2215 dixit,
566 2124 661 2223 quod
685 2124 713 2198 is
736 2151 861 2222 paucos
882 2126 943 2201 fibi
967 2128 1037 2202 dies

67 2231 110 2302 ad
141 2235 337 2310 didiaturam
365 2238 545 2335 gerendam
570 2237 773 2312 addidisset:
800 2240 1038 2313 criminabatur

68 2341 189 2431 etiam,
204 2347 299 2444 quod
314 2346 430 2422 Titum
452 2345 556 2420 filium
567 2401 579 2435 ,
595 2348 655 2444 qui
675 2347 787 2444 postea
808 2348 855 2421 esi
876 2351 1036 2447 Torqua·

68 2469 121 2524 tus
138 2456 322 2552 appellatus
336 2511 348 2548 ‚
361 2459 403 2530 ab
424 2458 620 2529 hominihus
635 2455 824 2553 relegasset,
838 2479 872 2530 et
893 2460 961 2531 turi
976 2460 1040 2532 ha·

69 2561 175 2637 bitare
187 2563 332 2640 iuffiffet.
345 2569 438 2666 quod
454 2592 532 2640 cum
545 2564 720 2639 audivisset
731 2565 921 2641 adolescens
933 2568 1041 2661 silius,

70 2672 244 2768 negotium
256 2677 403 2749 exhiberi
417 2677 526 2775 patri;
543 2674 719 2749 accurrisse
732 2678 895 2765 Romam,
909 2696 942 2750 et
960 2703 1040 2753 cum

70 2780 178 2876 prima
205 2784 278 2858 duce
300 2788 480 2883 Pomponii
503 2787 643 2860 domum
672 2785 797 2860 venisse
825 2784 956 2863 dicitur.
984 2789 1040 2863 cui

71 2910 149 2961 cum
171 2892 253 2966 esset
277 2895 482 2982 nuntiatum3
496 2897 589 2996 quod
611 2894 704 2969 illum
727 2895 848 2967 irarum
866 2896 1039 2970 allaturum

71 2998 163 3072 adse
186 3000 311 3100 aliquid
331 3028 448 3078 contra
468 3025 593 3100 patrem
608 3005 847 3078 arbitraretur:
867 3005 1041 3079 surrexite

72 3106 212 3199 leuato,
228 3116 433 3212 remotisque
446 3117 597 3207 arbitris,
613 3117 655 3187 ad
676 3116 707 3188 se
722 3115 962 3188 adolescentem
979 3114 1042 3187 ius·

72 3217 112 3293 sit
135 3224 264 3296 venire.
284 3227 328 3297 tr
352 3222 474 3314 ille‚ut
497 3225 661 3324 ingressus
678 3224 745 3311 est,
768 3222 945 3295 confestim
969 3224 1042 3319 gla-

73 3331 168 3403 dium
188 3332 384 3423 destrinxit,
398 3334 612 3433 iuravitque,
640 3334 673 3438 se
698 3331 792 3405 illurn
813 3329 918 3401 statim
935 3330 1043 3402 inter-

72 3439 259 3533 sedium,
274 3441 332 3514 nisi
357 3443 583 3516 iusiurandum
605 3443 664 3515 srbi
682 3439 839 3531 dedisset,
859 3439 891 3512 se
914 3457 1043 3537 patrem

75 3550 207 3623 missum
230 3551 297 3625 esse
319 3551 492 3627 sasiurum.
517 3552 656 3645 iuravit,
679 3550 744 3621 hoc
767 3549 898 3621 coasius
913 3571 1042 3624 terrore

75 3663 292 3761 Pomponius.
319 3689 390 3737 rem
410 3666 451 3738 ad
474 3665 637 3763 populum
660 3662 800 3735 detulit:
825 3661 958 3751 docuit,
980 3687 1043 3736 cur

76 3774 134 3846 srbi
152 3773 250 3849 causa
275 3774 426 3849 desistere
445 3774 582 3849 necesse
602 3773 683 3847 esset
696 3800 704 3845 :
719 3774 880 3846 Manlium
907 3772 1042 3845 missum

76 3883 168 3959 fecit.
193 3903 323 3958 tantum
346 3886 555 3984 temporibus
574 3885 637 3958 illis
660 3884 885 3960 iusiurandum
904 3884 1044 3960 valebat.

77 4003 188 4098 Atque
207 3999 262 4075 hic
282 4000 324 4072 Τ.
339 4000 481 4073 Manlius
502 3997 608 4086 isest',
627 3997 685 4097 qui
701 3998 742 4072 ad
757 3999 919 4074 Anienem
937 3998 1043 4087 Galli,

10 4108 14 4219 ζ
51 4145 58 4156 ·
74 4135 178 4207 quem
197 4110 240 4201 ab
255 4133 299 4182 eo
314 4132 522 4205 provocatus
537 4109 727 4203 occiderat,
740 4128 861 4207 torque
875 4108 1045 4195 detracto,
