2340 4628
178 634 247 705 ¹40
420 604 915 687 DEOFFIC'llS
1162 550 1164 557 Ι

44 814 54 855 ι
122 774 286 863 prdidi>
304 774 471 850 aedilium.
491 776 652 849 heredum
669 774 914 850 aliacaulaell.
933 774 1136 873 Exquoin·

173 884 349 982 religitur,
363 885 522 984 quoniam
536 884 621 960 iuris
640 909 756 959 natura
776 883 858 959 fons
871 884 1013 983 fit2lroc
1026 884 1135 959 secuu-

173 995 254 1067 dum
276 1014 425 1070 namram
443 997 532 1081 elle,
554 999 724 1070 neminem
742 996 779 1068 id
796 1015 974 1094 rigemur
991 1019 1037 1068 ex
1057 996 1133 1067 altc-

172 1106 243 1180 rius
273 1112 450 1207 praedetur
472 1109 651 1184 inscientia
677 1135 739 1184 nec
764 1109 831 1183 ulla
860 1108 1028 1207 pernicies
1052 1104 1135 1181 vine

174 1216 285 1290 maior
310 1219 457 1293 inveniri
479 1220 608 1318 potest,
628 1245 732 1318 quam
760 1220 799 1292 in
827 1218 954 1293 malitia
975 1216 1134 1292 fimulatio

173 1326 424 1427 intelligentiam
440 1356 483 1402 ex
500 1356 571 1429 quo
591 1329 652 1402 ista
672 1326 925 1403 innumerabilia
948 1326 1134 1410 nascumur,

173 1455 211 1510 ut
229 1438 320 1512 utilia
343 1466 421 1514 cum
448 1439 595 1515 honellis
622 1465 770 1538 pugnare
791 1439 981 1513 videantur.
1004 1440 1135 1531 Quom

171 1546 260 1620 enim
280 1549 420 1648 quisque
442 1547 719 1648 reperiemuqui
732 1548 928 1645 impunitate
947 1568 983 1618 er
1002 1545 1134 1644 ignon-

171 1654 264 1728 tione
287 1659 437 1732 omnium
458 1661 646 1758 propolim,
659 1661 821 1734 abstinere
842 1657 945 1756 poffit
963 1655 1111 1731 irriurial

111 1762 153 1837 18
218 1767 468 1862 Periclitemur‚
487 1771 676 1868 siplacets
667 1797 702 1844 rn
726 1771 768 1845 iis
785 1769 924 1869 quidem
948 1766 1136 1866 exemplis,

121 1902 154 1955 73
174 1876 345 1977 inquibus
365 1909 496 1980 peccari
487 1886 630 1985 vulgus
643 1884 819 1956 hominum
841 1879 975 1954 fortasse
988 1905 1060 1955 nou
1073 1905 1133 1976 pu·

171 2000 228 2058 tar.
241 1988 360 2086 Neque
373 1992 461 2063 enim
477 1994 519 2065 de
535 1994 657 2066 sicariis
666 1989 863 2080 ‚veneficis,
877 1986 1135 2073 testamentariis,

171 2091 297 2170 furibus
306 2103 575 2194 peculatoribus
587 2104 655 2175 hoc
668 2104 747 2175 loco
763 2098 989 2182 disserendum
1002 2096 1066 2170 ell
1055 2094 1134 2193 ,qui

172 2226 242 2277 non
265 2211 375 2280 verbis
393 2210 516 2284 suntet
533 2212 755 2308 disputatione
771 2210 1069 2308 philosophorum,
1083 2205 1134 2281 sed

171 2314 311 2391 vinculis
329 2340 362 2393 et
375 2347 504 2395 carcere
517 2323 695 2421 fatigandi:
710 2324 765 2395 sed
779 2325 858 2394 haec
873 2320 1134 2405 consideremus,

172 2451 256 2524 quae
274 2430 398 2506 l'aciunt
416 2434 462 2525 ii,
477 2437 535 2536 qui
557 2431 719 2508 habentur
741 2434 834 2507 boni.
863 2438 900 2505 l„
922 2433 1063 2507 Minucii
1076 2435 1136 2504 Br-

172 2536 239 2626 fili,
253 2541 425 2638 locupletis
445 2547 611 2631 heminis}
625 2539 741 2617 falsum
755 2542 989 2618 testamentum
1003 2542 1133 2640 quidam

171 2651 344 2735 eGraecir
369 2656 511 2726 Romam
528 2655 727 2729 attulerunt:
741 2654 834 2751 quod
848 2677 919 2748 quo
938 2652 1066 2727 facilius
1077 2651 1136 2725 ub·

171 2758 331 2848 tinerent,
355 2763 548 2856 leripserant
574 2765 711 2837 heredes
732 2764 843 2837 secum
866 2767 914 2834 Μ.
931 2764 1085 2836 Crudum
1105 2780 1136 2836 ct

173 2867 218 2958 Q.
238 2868 471 2961 Hortensium,
488 2873 641 2944 homines
664 2874 812 2949 eirudem
831 2873 944 2946 aetatis
958 2871 1136 2971 potentilli·

171 2999 267 3050 mos:
284 2978 365 3076 qui,
386 3004 463 3053 cum
481 2980 566 3055 illud
592 2981 706 3056 fulsum
728 2982 793 3057 elle
806 2982 1067 3079 suspicarentur,
1080 2982 1136 3056 libi

172 3106 282 3161 aurem
305 3090 423 3165 nullius
441 3090 544 3165 essent
564 3091 688 3165 conscii
712 3095 851 3191 culpae3
865 3092 964 3164 alieni
981 3091 1136 3166 facinoris

173 3197 406 3273 munusculum
430 3226 500 3274 non
521 3200 792 3298 repudiaverunt.
812 3200 906 3294 Quid
926 3197 1136 3299 ergollatiu’

172 3306 240 3381 hoc
256 3309 369 3398 ell‚ut
392 3335 461 3384 non
484 3308 655 3408 deliquiffe
675 3311 870 3385 videantur?
892 3307 975 3380 mihi
999 3307 1135 3406 quidem

172 3438 243 3488 non
258 3420 407 3503 videtum
422 3444 621 3522 quamquam
636 3420 777 3492 alterum
791 3416 902 3490 amavi
916 3414 1051 3505 vivum,
1063 3417 1136 3489 altr·

124 3551 157 3600 74
175 3551 247 3599 rum
262 3553 330 3601 non
344 3530 401 3601 odi
421 3555 604 3604 mortuum.
622 3532 687 3604 Sed
699 3557 777 3605 cum
792 3527 911 3602 Basilus
924 3527 971 3600 Μ.
983 3527 1138 3616 Satrium,

175 3630 299 3706 sororis
314 3632 415 3706 filium
428 3661 573 3725 ,nomen
585 3638 679 3712 suum
698 3637 785 3710 ferre
803 3634 958 3710 voluillet
967 3661 1136 3735 ,eumque

173 3742 299 3818 fecisset
314 3728 488 3821 heredem.
514 3753 609 3824 Hunc
631 3756 700 3824 dico
710 3776 880 3846 patronum
896 3778 963 3846 agn
958 3752 1100 3822 Piceni
1111 3771 1140 3820 er

175 3859 319 3927 Sabini:
337 3855 378 3950 (ο
391 3873 520 3982 turpem
534 3884 648 3935 notam
661 3880 851 3959 temporum
861 3860 1017 3931 illorum.
1009 3856 1016 3907 ¹
1030 3862 1049 3955 )
1061 3882 1137 3932 num

174 3988 244 4039 erat
265 3991 428 4064 aequum,
451 3967 618 4068 principes
642 3970 734 4045 cives
754 3994 824 4043 rem
848 3969 992 4057 habere,
1014 3968 1058 4041 ad
1081 3970 1138 4040 Sa·

175 4076 278 4154 nium
292 4078 374 4153 nihil
387 4102 517 4179 praeter
529 4107 654 4157 nomen
668 4081 867 4181 pervenire?
884 4081 1040 4173 Etenim,
1051 4080 1077 4154 li
1088 4081 1139 4171 is,
