2340 4628
315 689 812 771 nrsronrcus.
960 724 1024 802 593

10 892 14 905 ι
110 856 144 916 in
161 846 300 927 Critlam,
314 855 390 914 cuius
410 875 489 935 opera
507 857 545 914 ad
560 874 663 916 mortem
680 859 821 919 aarum
836 878 899 920 erar.
921 859 970 924 Or.
991 885 1026 939 2,

106 958 158 997 22.
185 936 246 996 eius
262 934 365 1013 scripta
385 934 534 997 Ciceronis
552 950 645 998 aetate
661 936 741 1000 nulla
756 939 893 1002 exstitere.
905 941 975 1004 ibid.
992 964 1026 1026 3,

10 1056 16 1067 ·
110 1017 157 1079 16.
177 1014 310 1077 faciendo
328 1016 508 1094 dicendoque
522 1016 642 1096 sapiens.
719 1090 723 1097 .

56 1096 285 1165 THERICLEA
295 1142 305 1172 ,
317 1095 398 1158 verr.
409 1119 447 1173 4,
469 1098 513 1159 18.
531 1122 565 1159 ex
579 1100 683 1160 leniora
701 1102 812 1162 Graevii
822 1124 831 1163 .·
838 1104 905 1185 firm
912 1106 1040 1186 pourton

10 1200 14 1232 τ
104 1198 175 1263 με
192 1201 284 1239 nomen
303 1180 398 1238 halent
410 1203 429 1240 a
447 1179 575 1255 Thenete,
587 1181 675 1262 figulo
694 1183 849 1255 Corinthio,
863 1184 910 1265 qui
929 1198 1025 1246 cerruut

10 1280 13 1315 ;
104 1270 193 1343 graus
203 1260 354 1341 poculonrm
368 1263 550 1343 excogitavirr
565 1283 644 1342 neque
667 1263 737 1322 olum
751 1264 867 1344 figlina,
878 1268 931 1347 sed
945 1268 1024 1327 etiam

10 1360 13 1371 ·
106 1363 144 1401 ex
156 1340 215 1400 alia
233 1343 349 1401 materia.
368 1343 442 1400 Nam
456 1350 524 1403 v.'c.
543 1365 587 1423 ap.
608 1344 639 1403 Io
652 1343 709 1425 eph.
732 1346 767 1404 A.
781 1368 823 1417 rr,
840 1370 860 1404 r.
870 1346 1027 1428 suuth'apl-

10 1442 13 1453 ·
63 1460 68 1467 -
106 1438 197 1483 narra
213 1418 342 1504 murrata
357 1422 425 1481 iuter
442 1423 526 1504 vaſsa,
537 1441 604 1502 quae
638 1442 707 1502 yrus
719 1424 826 1484 Iudaeis
840 1427 961 1488 reddidit.
974 1426 1027 1510 sed

106 1504 216 1645 qculm
237 1523 294 1562 eum
318 1501 449 1582 rofrualr
462 1503 581 1585 faciunt.
611 1502 690 1564 Vixi:
711 1523 819 1586 “mpure
840 1508 1027 1589 Aristophani}
1093 1541 1096 1545 ·

133 1600 220 1644 oram.
422 1602 429 1623 ·
715 1632 718 1637 .
1062 1596 1071 1601 ’

60 1665 105 1729 Α.
126 1662 334 1737 THBRMUS,
351 1688 364 1724 e
380 1664 533 1738 Muneris,
553 1662 649 1726 Flacc.
666 1684 714 1741 40.
736 1658 796 1739 bis,
811 1665 953 1730 Cicerone
974 1670 1024 1729 de-

105 1744 262 1820 fendente,
280 1744 425 1807 absolutus
444 1744 484 1805 est
502 1764 607 1825 magno
624 1745 726 1824 populi
741 1746 866 1826 gaudio,
878 1753 937 1833 post
944 1773 1025 1832 praes

104 1845 200 1888 ruram.

61 1910 107 1989 Q.
133 1906 341 1983 THERMUB,
358 1907 394 1969 ad
413 1902 477 1970 niv.
504 1929 539 1983 2,
564 1914 609 1986 i7.
631 1906 715 1971 Aliae
741 1922 853 1988 praetor
869 1934 895 1974 a.
916 1912 1022 1972 Dccl.

33 2028 39 2037 -
99 1990 163 2073 sqq.
179 1988 241 2050 Are
257 2009 289 2062 1,
306 2002 330 2049 r.
349 2001 463 2051 curator
480 1991 544 2050 viae
561 1988 726 2052 Flaminiae.
745 1989 816 2052 Phil.
833 1991 927 2071 13‚6.
940 1992 1024 2053 Pom-

105 2070 206 2148 peium
223 2068 279 2132 Cn
292 2068 323 2131 F.
341 2068 486 2145 hortatur,
503 2083 536 2131 ut
552 2071 590 2131 ad
601 2070 745 2133 Mutinam
760 2082 806 2132 eat
824 2090 892 2131 cum
908 2071 964 2134 suis
975 2092 1023 2133 co*

106 2150 171 2229 piis.
187 2151 376 2231 Adertmsuar
392 2154 512 2236 epistolae
527 2152 595 2212 duae
613 2175 650 2228 2,
671 2151 715 2214 18.
737 2173 789 2235 13,
810 2173 856 2236 53.
869 2154 946 2214 conf.
958 2155 1022 2232 Att.

61 2250 255 2406 Trlusullso,
272 2232 340 2374 Νῗι
366 2312 401 2374 D.
421 2328 457 2394 3,
485 2310 528 2375 28.
561 2312 688 2407 Neptuni
708 2302 791 2376 filius,
814 2312 898 2376 offic.
919 2335 953 2383 r,
978 2337 1022 2379 ro.

105 2392 189 2456 Pater
208 2392 378 2472 Hippolyti,
393 2413 410 2454 a
426 2395 563 2471 Neptuno
577 2405 666 2471 petit,
681 2408 713 2455 ut
727 2394 763 2455 ab
778 2395 857 2471 equis
875 2395 935 2455 eius
948 2395 1023 2456 lace·

105 2484 184 2535 retur
202 2472 288 2536 filius.
303 2476 456 2551 Neptunus
474 2487 547 2552 quae
563 2475 703 2551 promitit,
722 2474 850 2552 praestat.
866 2474 934 2552 ch.
954 2497 982 2551 2,
995 2498 1021 2535 2.

107 2554 223 2616 Atticos
237 2574 273 2617 ex
288 2555 407 2634 agriuin
423 2554 524 2616 urbem
540 2555 682 2632 compulit
695 2558 749 2617 dre.

61 2634 298 2711 THESSALUS,
317 2636 395 2700 Verr.
415 2658 445 2711 1,
466 2656 512 2718 33.
531 2634 749 2713 Lampsacenus.
803 2700 807 2709 .

60 2717 265 2790 THEUDAS,
284 2718 322 2778 ad
338 2716 403 2779 Div.
420 2718 456 2792 6,
482 2737 525 2778 ro.
541 2716 659 2777 libertus
675 2714 819 2780 Trebiani.
960 2786 964 2795 ‚

62 2799 100 2863 L.
118 2797 311 2871 THORIUS,
330 2797 453 2873 Balbus,
471 2800 518 2881 Sp.
534 2790 567 2860 F.
589 2798 651 2860 Fin.
670 2819 708 2874 2,
729 2818 774 2860 ao.
791 2821 837 2861 22.
858 2798 1022 2863 lanuvinua

109 2881 249 2962 (uudciu
266 2901 343 2940 numo
358 2880 416 2940 ea'ur
431 2881 573 2961 quaestorio
586 2880 653 2941 Iuno
671 2880 800 2964 Sospita)
816 2879 1024 2960 voluptuosrllr·

107 2976 182 3022 must
205 2961 243 3021 P'
261 2961 322 3020 lieu
335 2962 375 3020 ad
390 2985 417 3021 a.
440 2961 638 3024 BCLXXIII.
660 2965 766 3022 eundem
786 2968 864 3044 purat
880 2966 925 3044 qur'
943 2962 1022 3025 Brut.

106 3042 157 3119 67.
174 3041 206 3103 L.
249 3039 326 3101 urius
341 3042 458 3116 dicitur,
475 3062 563 3120 parvo
580 3044 715 3120 ingenio,
734 3042 782 3102 sed
799 3042 891 3103 multo
905 3042 1020 3119 labore,

106 3120 155 3181 aui
170 3138 280 3199 paucae
298 3122 442 3181 centuriae
458 3123 495 3183 ad
512 3121 701 3184 Consulatum
724 3122 850 3182 defuere.
865 3145 893 3181 ν.
915 3120 947 3185 1.
962 3122 1023 3185 Tu·

105 3202 172 3263 rius.
185 3201 218 3264 I..
235 3200 361 3264 Thorius
371 3202 431 3282 ficit
446 3204 504 3263 nib.
521 3203 560 3283 pl.
574 3226 600 3261 a.
620 3202 834 3262 DCLXXIIX.

60 3284 113 3351 SP-
131 3281 325 3356 THORIUS,
348 3283 471 3356 Bellus,
487 3281 565 3343 Brut.
595 3279 751 3362 31.vr1uit
773 3282 804 3342 in
820 3279 950 3360 populari
973 3297 1022 3361 geo

76 3432 79 3437 ¹
107 3382 176 3424 nere
190 3355 315 3425 dlcendl.
332 3365 444 3426 Aridior
463 3361 532 3441 legis
545 3360 679 3426 Thuriae.
699 3386 726 3422 ν.
741 3363 800 3422 lad.
815 3367 894 3445 legg.

61 3444 230 3520 TllOTll,
250 3447 317 3508 Nat
341 3444 375 3506 D.
399 3466 438 3526 3,
457 3467 504 3505 22.
531 3444 742 3524 Aegyptiorum
762 3444 941 3520 Mercurius,
960 3461 1020 3521 quo

105 3526 224 3587 nomine
243 3529 271 3589 dr
288 3526 397 3604 primur
415 3524 516 3587 me'nlir
529 3528 605 3604 apud
619 3545 669 3587 eoa
683 3523 850 3603 appellatur.

60 3605 361 3683 THRASYBULUS,
383 3608 445 3669 Att.
468 3607 506 3679 8,
532 3627 558 3687 3.

61 3689 221 3753 THRnso
233 3736 242 3763 ,
255 3689 334 3749 Verr.
356 3707 389 3768 ς,
409 3711 455 3749 22.
475 3686 694 3766 Tyndaritanus.

60 3766 405 3841 THRASYMACHUS,
424 3770 474 3833 Or.
495 3789 531 3851 3,
550 3787 592 3848 32.
612 3758 847 3842 Chalcedonius,
867 3766 1023 3831 denatura

105 3868 202 3910 rerum
219 3850 334 3929 scripfit.
354 3849 426 3910 ibid.
448 3849 491 3913 16.
519 3848 649 3927 Sophista
669 3849 880 3911 celeberrimus.
903 3852 953 3913 Or.
979 3872 1023 3910 12.

105 3930 217 4010 primus
232 3950 299 3992 cum
311 3930 417 4008 Gorgia
431 3946 490 3991 arte
508 3931 632 4007 quadam
645 3931 732 3992 verba
747 3933 846 3994 vinxit.
865 3931 991 3994 Abstinet
1006 3942 1023 3989 a

61 4010 331 4234 Tilllgllllffiss'
347 4092 397 4233 Otr.
415 4113 458 4233 ²B
476 4110 519 4153 ια.
541 4092 690 4171 quomodo
712 4092 860 4175 scripserit.
879 4091 957 4153 Brut.
976 4110 1026 4172 rr.»

71 4200 75 4207 ·
118 4192 221 4235 ummo
269 4191 409 4234 conaus
451 4190 484 4232 ·c.

112 4260 207 4340 cicer.
231 4259 325 4355 Oper.
338 4250 409 4332 Vol.
422 4256 511 4332 XII.
802 4256 865 4354 Pp
