2340 4628
128 668 632 758 besuuncrurt.
691 763 692 766 w
791 694 882 776 '¹79

65 848 199 922 nesius:
213 868 282 918 non
293 843 384 918 cutia
396 843 486 916 vires
498 866 589 915 meas
601 838 779 929 desiderat,
790 862 864 916 non

64 982 133 1033 non
151 955 266 1046 amici,
279 978 349 1026 non
370 954 521 1042 clientes,
539 971 608 1025 non
626 930 781 1050 hbspites.
799 973 863 1028 neo

64 1093 148 1168 pram
159 1067 230 1141 sum
243 1061 383 1136 affensus
394 1061 501 1139 veteri
513 1059 561 1134 iiii
573 1062 772 1159 laudatoque
784 1089 864 1163 pro·
942 1099 945 1107 ·

64 1175 293 1276 moduinum,
305 1190 431 1244 mature
445 1171 518 1245 sieri
531 1171 661 1264 senem,
672 1171 697 1244 fi
709 1170 765 1246 diu
779 1175 865 1251 velis

64 1313 93 1362 t.
116 1286 189 1385 Ego
202 1310 288 1358 vero
301 1282 479 1358 meminus
494 1282 552 1359 diu
567 1284 676 1360 senem
693 1282 760 1362 esse
777 1289 865 1363 mai·

63 1422 106 1469 rm
119 1395 186 1468 esse
200 1396 308 1466 senem
322 1409 418 1482 ante,
431 1405 530 1491 quam
544 1391 656 1472 essem.
679 1399 793 1499 Itaque
806 1419 867 1476 nei

64 1532 86 1582 c
100 1505 281 1580 convenire
295 1529 350 1576 me
363 1506 494 1598 voluit,
508 1509 562 1587 cui
575 1505 697 1585 fuerim
714 1531 865 1614 occupa·

64 1615 146 1689 rinus
164 1615 272 1687 habeo
289 1612 412 1689 virium
422 1670 434 1707 ,
445 1641 545 1715 quam
562 1615 710 1694 vestrum
727 1624 864 1702 utervis.
881 1637 915 1698 35

64 1725 188 1825 pridem
211 1722 253 1795 T.
266 1721 376 1796 Pontii
393 1726 601 1802 centurionis
615 1728 704 1804 vires
724 1730 864 1810 habetis.

64 1850 128 1909 ‚rc‘o
148 1833 195 1908 est
215 1834 269 1904 ilie
287 1832 525 1931 praestantiori
544 1835 734 1913 moderatio
755 1841 863 1918 modo

64 1944 149 2034 unt,
169 1962 202 2016 et
222 1961 369 2035 tantum,
388 1966 549 2046 quantum
570 1948 701 2045 potest,
720 1951 862 2052 quisque

64 2083 116 2134 rae
130 2055 186 2134 ille
209 2085 278 2133 non
300 2087 423 2160 magno
443 2058 604 2137 desiderio
624 2064 791 2140 tenebitur
804 2066 862 2143 vi·

64 2171 206 2271 lympiae
218 2196 278 2268 per
292 2168 429 2245 stadium
444 2168 602 2273 ingressus
615 2170 679 2248 esse
697 2174 784 2250 Miio
805 2178 860 2251 di·

64 2306 97 2353 m
111 2281 256 2355 humeris
269 2279 440 2356 sustineret
453 2283 580 2355 bovem
599 2285 730 2358 vivum.
746 2283 859 2362 utrum

64 2392 262 2490 temporis,
277 2422 318 2466 an
334 2394 545 2491 Pythagorae
567 2391 629 2465 tibi
653 2391 746 2467 maiis
767 2393 859 2469 vires

64 2502 140 2575 ari?
165 2505 307 2602 denique
332 2499 395 2575 isto
419 2502 512 2574 bono
535 2520 642 2589 utare,
656 2502 735 2574 dum
758 2501 861 2589 adfit;

64 2628 89 2700 t,
104 2640 145 2687 ne
158 2611 320 2711 requiras:
338 2610 394 2684 nifi
412 2605 501 2685 forte
513 2609 736 2686 adolescentes
748 2612 859 2708 pueri·

64 2721 144 2796 dum
160 2744 263 2797 aetate
277 2719 436 2822 progressu
452 2719 704 2796 adolescentiam
718 2720 858 2796 debeant

64 2859 77 2904 r.
98 2834 220 2905 Cursus
232 2832 279 2906 est
294 2851 399 2907 certus
413 2831 547 2920 aetatis,
560 2852 595 2905 et
606 2857 671 2905 una
686 2831 742 2906 via
757 2848 856 2905 natu·

64 2968 93 3015 re
105 2939 259 3040 simplem
275 2943 394 3040 suaque
408 2942 530 3040 cuique
545 2941 630 3037 parti
642 2942 755 3015 aeratis
767 2961 857 3014 tem·

64 3051 126 3124 :esi
140 3053 231 3140 data;
245 3072 281 3126 ut
295 3071 327 3126 et
347 3049 521 3127 infirmitas
537 3075 740 3150 puerorum,
754 3068 787 3123 et
805 3051 857 3122 fe·

64 3186 199 3237 tvenum
207 3220 220 3253 ,
232 3182 265 3237 et
278 3162 420 3261 gravitas
435 3164 501 3235 iam
522 3159 701 3236 constantis
719 3158 857 3248 aetatisj

64 3272 132 3346 uris
164 3274 331 3348 maturitas
362 3274 508 3347 naturaie
533 3269 693 3370 quiddam
721 3265 854 3357 habeat,

64 3404 232 3480 *tempore
244 3384 369 3481 percipi
384 3381 511 3456 debeat.
536 3379 691 3452 Arbitror
706 3396 740 3452 te
757 3367 853 3447 audi·
871 3394 902 3451 tr

64 3513 95 3576 ³,
109 3490 229 3589 hospes
248 3512 323 3565 tuus
338 3490 446 3565 avitus
467 3480 629 3559 Masinissa
649 3508 736 3583 quae
755 3479 853 3557 saciat
969 3496 971 3503 '

64 3602 210 3696 onaginta
224 3627 327 3675 annos
342 3616 450 3671 natus:
466 3619 544 3671 cum
557 3596 714 3694 ingressus
725 3594 789 3669 iter
801 3616 853 3690 pe·

64 3705 118 3787 ‚in
140 3731 262 3803 equum
283 3710 426 3783 omnino
448 3732 518 3782 non
537 3703 754 3792 adscendere3
773 3724 852 3775 cum

82 3841 172 3916 equo
192 3845 260 3894 non
279 3821 494 3894 descenderet
510 3817 602 3892 nulio
617 3816 745 3906 imbre,
758 3813 853 3886 nulio

64 3929 177 4016 tduci,
192 3953 229 4002 ut
242 3933 345 4025 capite
361 3948 483 4029 operto
496 3930 555 4003 titt
575 3929 736 4002 summam
753 3925 788 3997 in
808 3946 853 3994 eo

64 4037 343 4112 oriss1ccitatem:
359 4043 471 4140 itaque
485 4033 618 4137 exsequi
632 4035 747 4110 omnia
767 4033 853 4128 regis

66 4175 216 4229 munera.
230 4150 338 4230 Potest
350 4149 447 4251 igine
457 4149 670 4322 ρκετεὶῐὸῧθ,
683 4168 716 4223 et
728 4164 853 4241 tempe·

661 4269 682 4319 2
