2340 4628
187 608 192 617 .
255 584 258 589 Ι
381 574 785 731 LlBERplso·
967 578 1014 747 ,ἐς

51 768 460 899 bilcslpraecipiendumr
476 762 531 871 illd
549 795 639 872 enirn
655 794 724 897 ipse
740 814 917 897 praecepta
930 793 1018 877 sunt.

51 932 109 1037 nee
133 930 345 1011 quemqtnm
371 906 440 982 boc
464 928 582 981 errore
608 900 686 977 duci
712 902 876 1003 oportet‚‘
900 924 965 997 ut,
990 888 1017 981 si

153 1020 333 1111 Socates,
356 1033 413 1091 eut
429 1006 621 1115 'Aristippus
640 1033 757 1089 corrue
778 1040 912 1091 morem
930 1042 1019 1093 con·

56 1116 326 1225 ¹uetudinemqne
345 1122 482 1200 civilem
498 1114 644 1199 fecerint
660 1120 809 1197 locutive
826 1120 904 1214 sint,
926 1123 1018 1199 idern
1040 1204 1044 1213 ,

54 1228 110 1313 lbi
132 1236 315 1313 mhinmu
328 1228 448 1311 licere.
472 1234 606 1333 Magnis
628 1228 700 1324 illi,
722 1250 756 1307 et
776 1232 903 1307 divinis
919 1232 1019 1309 bonis
1052 1242 1057 1251 ’

55 1344 139 1425 lunc
154 1346 329 1423 berneiam
349 1344 612 1445 insequebantur.
636 1338 851 1444 Cynicorum
869 1369 955 1420 vero
966 1370 1023 1419 re·
1094 1402 1098 1409 .

56 1450 103 1531 rio
115 1473 192 1533 tote
207 1454 257 1531 ed
276 1456 447 1533 eiiciendn
466 1454 513 1530 ess
523 1456 615 1531 enim
634 1452 770 1529 inimice
783 1455 1023 1547 verecundiae,
1043 1461 1047 1467 ’

55 1558 121 1641 dne
140 1590 212 1667 que
233 1566 317 1641 nihil
340 1568 468 1643 redum
490 1560 556 1642 else
577 1564 687 1667 potest
699 1620 712 1656 ,
732 1560 815 1641 nihil
834 1560 1024 1643 honestum.
1099 1663 1105 1673 ι

55 1674 270 1768 iurantem,
291 1700 436 1776 quorum
457 1675 525 1751 rita
542 1674 708 1777 perspedla
729 1675 766 1751 in
788 1671 888 1752 rebus
911 1672 1022 1753 bone·
1038 1710 1091 1763 m
1123 1673 1128 1685 '

55 1786 109 1865 llis
126 1804 231 1887 etqtre
259 1784 388 1887 magnis
406 1784 473 1875 esi,
499 1788 585 1864 bene
609 1791 663 1864 de*
680 1782 849 1887 republica
876 1780 1021 1864 sentien-
1076 1834 1079 1841 ·
1138 1876 1143 1883 ι

57 1914 128 1985 tec,
152 1896 301 1999 etc-bene
326 1896 489 1990 meritos,
513 1916 570 1972 eur
590 1914 774 1989 merentes,
798 1896 881 1973 ficut
903 1898 1019 1997 atiquo

58 2002 191 2097 bonore
209 2024 269 2095 aut
292 2004 438 2105 imperio
461 2006 624 2107 assedus,
643 2006 822 2081 observare
848 2023 884 2080 et
909 2006 1024 2082 colere
1058 2074 1066 2091 ,
1153 2092 1157 2101 ¹

60 2118 245 2192 debemus:
271 2112 414 2190 tribuere
434 2117 534 2190 etiam
561 2114 702 2188 multum
723 2110 902 2188 senelluti:
922 2115 1026 2188 cede·

61 2255 94 2302 re
112 2228 172 2319 iis,
194 2225 254 2326 qui
275 2224 496 2324 magistratum
516 2226 704 2300 habebunt:
722 2225 843 2299 habere
862 2226 1026 2300 delebunt
1084 2298 1088 2307 .

63 2336 143 2415 civis
158 2355 195 2410 et
215 2336 381 2436 peregrini
398 2365 406 2408 t
423 2339 457 2410 in
475 2336 615 2434 ipsoque
635 2337 833 2434 peregrino,
854 2337 1025 2432 privatim-

63 2472 117 2540 ne,
135 2473 179 2520 an
202 2442 335 2544 publice
355 2446 512 2518 venerit:
539 2447 581 2516 ad
601 2444 784 2533 summam,
805 2471 847 2516 ne
865 2471 959 2543 agam
984 2447 1027 2519 de

63 2551 213 2657 ingrtiis,
233 2578 448 2629 communem
471 2553 574 2626 totius
598 2553 727 2651 generis
748 2553 924 2625 bominum
942 2580 1028 2630 con·

62 2666 264 2759 eiliarionem
284 2685 318 2738 et
335 2663 619 2738 consociationem
643 2663 780 2752 colere,
799 2664 899 2752 tueri,
912 2664 1027 2741 serva·

63 2801 99 2849 re
122 2776 298 2848 debemus.
314 2777 382 2845 lam
402 2774 444 2846 de
464 2766 611 2846 artificiis
633 2781 665 2844 et
688 2771 889 2871 quaestibus,
913 2776 971 2874 qui
985 2776 1025 2848 li·
1040 2801 1088 2875 4²

63 2884 190 2958 bernles
208 2882 376 2971 habendi,
398 2882 457 2980 qui
478 2879 602 2956 sordidi
626 2880 708 2972 sint,
735 2882 815 2957 baec
840 2881 908 2959 sere
931 2912 1025 2961 acce-
1043 2898 1111 2976 ιμ’

63 2991 185 3090 pimus.
197 2990 346 3063 Primum
365 2990 595 3086 improbantur
607 2987 632 3063 ii
647 2990 816 3089 quaestus,
828 2993 885 3091 qui
898 2992 933 3068 in
948 2997 1028 3070 odia

63 3104 243 3177 hominum
264 3101 459 3186 incurrunt;
479 3121 517 3172 ut
536 3101 760 3198 portitorum,
776 3124 813 3175 ut
837 3102 1030 3176 foenerato-

65 3237 149 3285 rum.
171 3208 351 3283 Illiberales
365 3227 474 3282 autem
492 3227 526 3283 et
548 3211 672 3285 sordidi
690 3211 843 3310 quaestus
856 3239 1031 3289 mercena·

64 3320 217 3408 riorum,
240 3316 479 3416 omniumque,
509 3316 663 3416 quorum
682 3343 826 3415 operae,
850 3344 920 3392 non
945 3340 1031 3397 artes
1125 3358 1128 3363 ·

66 3453 234 3505 emuntur.
250 3426 298 3501 est
319 3426 409 3501 enim
424 3428 486 3502 illis
510 3428 579 3525 ipsa
596 3424 728 3502 merces
748 3428 1033 3506 auctoramentum

67 3539 245 3615 servituris.
270 3537 404 3611 Sordidi
425 3538 527 3611 etiam
549 3536 706 3634 putandi,
729 3537 787 3634 qui
805 3560 1032 3613 mercentura

68 3649 333 3739 mercatoribus,
347 3648 441 3748 quod
456 3645 564 3720 statim
578 3648 737 3720 vendant.
756 3647 839 3720 nihil
852 3648 941 3720 enim
955 3676 1033 3746 pro·

69 3760 211 3850 ficiunt,
232 3757 295 3832 nist
310 3757 493 3831 admodum
511 3755 720 3830 mentiantur.
741 3778 803 3834 nec
826 3782 910 3832 vero
932 3760 1034 3856 quid-

71 3892 170 3969 quam
184 3866 235 3942 est
255 3868 382 3964 turpius
397 3867 555 3941 vanitate.
567 3861 772 3964 opificesque
785 3889 903 3938 omnes
917 3866 951 3936 in
965 3868 1039 3941 sor·

73 3979 146 4053 dida
164 3996 238 4051 arte
253 3973 435 4049 versantur.
459 3997 522 4047 nec
540 3976 630 4047 enim
649 3976 832 4074 quidquam
852 3974 1035 4070 ingenuum
1109 4028 1113 4035 .

72 4084 181 4185 potest
195 4082 319 4159 bebere
340 4079 483 4157 officina.
501 4078 704 4183 minimeque
716 4101 801 4157 artes
815 4083 876 4154 hae
893 4083 1039 4180 probun-¹

120 4188 221 4263 aar.
250 4185 346 4279 Oper.
375 4186 448 4254 Vol.
475 4178 565 4254 XII.
817 4180 845 4249 E
