2340 4628
215 604 848 739 enniosoenncon‘ou.
917 652 1024 759 {²95

68 824 160 902 enim
178 826 292 926 operis
309 824 449 901 maximi
472 824 560 901 inter
581 820 734 899 honines
740 872 754 911 ,
771 842 870 922 atque
882 818 1028 921 optimi,

68 936 162 1011 il'um
184 934 252 1011 esse
270 934 465 1011 effeiiorem
486 932 583 1010 volo.

116 1048 297 1122 Dnomnn.
308 1053 363 1121 lia.
377 1045 423 1147 ι.)
437 1045 621 1122 Exceliunt.

116 1160 218 1235 Nou.
234 1157 442 1256 Ορηιιιηιὶο.)
456 1160 554 1251 Quae
567 1156 673 1231 virtus
683 1151 849 1229 fortinedo
863 1168 1030 1239 vocatur,

68 1268 235 1369 inquaest
243 1268 439 1369 magnitudo
451 1264 695 1359 animi,monis
707 1262 898 1364 dolonisque
909 1286 1030 1363 magna

68 1378 269 1453 contemtio.
1040 1442 1047 1459 .

112 1484 215 1559 Nou.
230 1481 400 1581 butum.)
414 1481 746 1573 Marcellinum
755 1499 791 1556 et
803 1504 947 1583 pugnax.
958 1482 1033 1555 Ma·

68 1588 205 1684 ximus,
221 1614 261 1669 ut
273 1590 667 1668 confideranuetientus.

117 1704 221 1776 NON.
234 1708 289 1775 ubi
299 1707 536 1789 nominativus,
549 1697 637 1798 vel.)
656 1701 721 1774 Sed
733 1717 844 1775 temen
857 1750 871 1787 ‚
884 1717 923 1777 ut
936 1701 1032 1775 bono

68 1810 299 1911 patrifamilias
312 1802 468 1901 colendi,¹
486 1808 705 1900 aedificandi,
726 1809 947 1913 ratiocinandi
958 1814 1037 1911 qui-

69 1924 150 1997 dam
170 1924 269 2009 usus,
292 1946 377 2019 opus
393 1919 453 1993 est.

120 2036 214 2107 cu.
226 2034 281 2103 lib.
297 2059 344 2104 ιι.
358 2059 385 2104 c.
397 2027 457 2128 2.)
477 2028 631 2105 Menelao
648 2031 775 2108 laconi
794 2034 958 2133 quaedam
970 2029 1036 2106 suit

68 2142 304 2240 suaviloquens
320 2138 516 2211 iucunditas.

117 2256 208 2325 Idem
220 2249 289 2349 ib.)
305 2247 606 2344 Breviloquentiam
620 2246 655 2321 in
669 2250 815 2323 dicendo
828 2249 926 2324 colat.

120 2363 223 2433 NON.
242 2359 411 2452 Imbuere.)
436 2360 533 2449 Quae
561 2383 639 2431 cum
665 2358 778 2453 Scipio
807 2358 957 2448 dixisset,
978 2356 1035 2432 ad·

70 2470 219 2545 modum
240 2467 407 2565 probans:
428 2468 537 2541 nimio
561 2468 650 2541 enim
670 2487 740 2542 erat
759 2467 841 2541 odio
862 2469 1036 2541 rhetorum

71 2584 234 2657 imbutus.

122 2696 227 2766 Nou.
243 2689 398 2789 strocia.)
414 2688 485 2783 Qui
498 2687 664 2787 comperit
677 2688 748 2763 eius
766 2685 837 2764 vim
848 2706 883 2765 et
896 2688 1036 2765 effrena·

72 2826 143 2880 tam
163 2803 252 2875 iliam
274 2801 446 2874 ferociam.
867 2829 870 2833 ·

122 2914 252 2986 Cnms.
266 2918 289 2983 l.
304 2943 326 2984 e.
342 2908 457 3008 Orbi.)
473 2907 560 2982 Orbi
573 2928 734 2985 terrarum
749 2915 1026 3013 comprehensos.

122 3023 225 3095 NON.
239 3019 436 3117 Impertite.)
461 3022 566 3113 Quod
587 3022 752 3098 molestiae
770 3026 940 3105 seneflutis
954 3029 1037 3103 'suae

72 3132 194 3211 vestris
210 3129 342 3204 familiis
359 3130 528 3224 impertire
544 3130 660 3224 posset.

124 3240 251 3339 Nou.)
273 3241 379 3336 Quod
392 3264 462 3311 non
479 3242 587 3312 modo
599 3241 729 3338 singulis
749 3243 962 3338 hominibus,
982 3246 1037 3321 sed

74 3351 308 3454 potentiffimis
327 3348 462 3447 populis
481 3347 575 3444 saepe
599 3349 773 3446 contingit.

296 3514 346 3584 M.
371 3511 543 3582 Tuam
571 3506 823 3579 Cncnnoms

199 3640 913 3753 Dauanonuncn

481 3771 607 3848 Lien.
636 3776 697 3846 v1.

126 3899 247 3971 Nou.
276 3895 490 3996 Prudentia.)
508 3900 633 3970 Totam
656 3895 757 3993 igitur
774 3895 937 3994 exspestas
959 3924 1039 3996 pm·

76 4011 224 4085 dentiam
236 4014 333 4087 huius
345 4012 596 4109 reeioris‚quae
608 4010 716 4108 ipsum
726 4034 852 4084 nomen
865 4011 932 4085 hoc
942 4012 1038 4085 naiia
1130 4037 1134 4045 ’

77 4120 424 4221 estexprovidendo.
771 4216 803 4288 Τ

824 4241 849 4306 4
