2340 4628
738 346 741 353 ι

736 368 739 381 1

722 388 736 397 .-

317 472 320 479 ι

246 678 684 755 PanDoxn
769 756 774 769 ,
891 666 1050 790 ηςῖ

68 835 400 961 endum‚nis1quod
421 839 580 912 laudabile
600 838 686 926 effe,
704 854 739 912 et
760 838 961 937 praeclamm
1055 868 1058 873 ·

68 949 195 1027 netur?
210 946 386 1021 V'eniam
377 947 477 1045 tgitur
498 947 550 1021 illi
562 949 708 1023 irrisores
728 949 824 1023 huius
836 952 961 1024 oratio·
981 964 998 1036 3

68 1086 109 1135 ac
128 1055 324 1144 sententiam
336 1079 370 1128 et
394 1057 460 1128 iam
475 1057 531 1129 vel
550 1056 609 1154 ipti
628 1036 794 1145 iudicent,
805 1081 917 1133 utrum
931 1059 964 1133 se

68 1196 125 1243 um
136 1167 272 1241 aliculus
278 1192 363 1266 qm
375 1191 573 1249 marmoreas
583 1166 702 1258 testu
718 1168 966 1242 eboreetauro

68 1277 205 1371 entibus
210 1300 294 1373 ,qut
282 1273 434 1373 signin·
439 1300 497 1371 qur
486 1273 650 1367 tabulis,
662 1300 722 1375 qut
710 1274 865 1350 caelato
883 1299 968 1350 auro

67 1409 210 1488 rgento‚
223 1410 280 1509 qut
269 1382 486 1457 Corinthus
498 1382 658 1480 openbus
671 1382 855 1475 abundant,
869 1385 966 1460 anC.

68 1496 170 1582 ricii,
187 1495 247 1593 qui
269 1494 350 1568 nihil
371 1517 490 1567 eorum
507 1494 642 1588 habuit,
660 1490 743 1567 nihil
759 1493 879 1569 habere
900 1517 969 1570 vo-

77 1602 302 1698 ,fimileselle
321 1603 461 1677 malint?
479 1592 595 1703 litque
609 1603 691 1679 haec
712 1590 871 1715 quidem,
885 1626 971 1703 quae

68 1721 114 1797 do
131 1719 218 1808 huc,
219 1721 345 1792 modo
365 1717 447 1793 illuc
464 1715 727 1821 transferunmr,
739 1686 834 1793 facile
850 1715 971 1801 adduci

68 1847 135 1920 nt,
152 1846 191 1901 ut
210 1827 244 1899 in
263 1827 360 1900 rebus
377 1827 476 1902 bonis
501 1824 568 1900 elle
592 1816 734 1929 negent3
752 1825 837 1901 illud
860 1845 971 1902 tamen

68 1962 94 2011 e
118 1954 256 2027 tenent,
284 1955 503 2034 accurateque
535 1932 735 2027 defendunt,
762 1935 972 2033 voluptatem

68 2042 262 2116 summum
284 2044 422 2117 bonurn.
461 2068 547 2143 quae
566 2042 699 2143 quidem
722 2042 805 2117 mihi
824 2068 897 2117 vox
913 2070 971 2141 pe·

68 2179 130 2226 ιιιιι
149 2151 282 2227 videtur
303 2151 389 2238 esse,
416 2178 486 2225 non
503 2153 692 2227 hominum.
716 2153 790 2242 Tu,
811 2178 887 2226 cum
910 2152 971 2224 tibi

68 2291 75 2336 ι
89 2263 182 2351 deus,
195 2259 263 2335 five
278 2282 381 2336 mater
398 2262 459 2359 (ut
471 2261 515 2334 ita
527 2259 662 2361 dicam)
676 2286 789 2335 rerum
805 2261 972 2353 omnium,
1076 2270 1080 2278 '

68 2400 145 2460 ura,
163 2373 293 2446 dederit
314 2373 483 2463 animum,
500 2398 568 2470 quo
584 2373 666 2448 nihil
681 2372 728 2445 est
742 2372 972 2470 praestantius,

68 2511 119 2585 pue
138 2484 296 2570 divinius,
312 2481 355 2557 fic
372 2502 406 2556 te
422 2482 488 2579 ipse
504 2481 638 2559 abiicies
656 2505 755 2580 atque
770 2481 980 2578 prosternes,'

68 2594 150 2667 nihil
172 2596 258 2669 inter
277 2614 310 2670 te
329 2619 428 2694 atque
448 2594 696 2691 quadrupedem
714 2592 857 2690 aliquam
879 2596 985 2691 putes'

68 2705 184 2779 ereffe?
198 2706 390 2804 Quidquam
408 2705 535 2777 bonum
548 2704 608 2795 est,
623 2705 715 2805 quod
734 2727 803 2778 non
818 2730 906 2796 eum,
917 2705 975 2804 qui

68 2815 232 2911 poffidet,
254 2817 430 2890 meliorem
455 2813 561 2902 ¹lacit?
599 2820 646 2892 Ut
664 2818 753 2892 enim
767 2817 914 2917 ‚quisque
928 2817 977 2891 est

68 2922 158 2996 xime
175 2923 257 2995 boni
282 2927 465 3053 particepo,
484 2925 529 2998 ita
560 2944 594 3000 et
615 2926 785 3001 laudabilis
808 2930 976 3000 maxime:

68 3057 121 3129 pue
140 3030 188 3104 est
206 3034 309 3106 ullum
328 3035 478 3121 bonum,
497 3036 539 3108 de
557 3060 628 3135 quo
647 3060 715 3109 non
729 3036 778 3122 is,
792 3059 851 3133 qut
840 3033 898 3107 id
916 3034 978 3106 ha·

68 3160 108 3227 lt,
122 3141 258 3216 honeste
275 3143 373 3241 poffit
392 3145 536 3243 gloriari.
560 3145 641 3244 quid
659 3162 769 3218 autem
785 3143 832 3215 est
855 3144 978 3215 horum

68 3253 260 3349 uoluptate?
285 3255 502 3330 melioremne
515 3255 633 3342 efficit,
648 3275 705 3329 aut
727 3242 979 3326 laudabiliorem

68 3368 151 3433 um?
175 3387 217 3432 an
238 3364 413 3464 quisquam
428 3367 462 3437 in
477 3366 646 3461 potiundis
659 3360 885 3475 voluptanlaus
903 3363 977 3460 glo·

68 3471 132 3541 ndo
149 3470 236 3556 sese,
251 3491 284 3543 et
295 3475 541 3570 praedicatione
559 3473 679 3573 effert?
696 3460 799 3569 Atqui
817 3470 980 3575 fivolup-

72 3606 185 3679 ,quae
198 3583 418 3678 plurimorum
442 3584 633 3680 patrociniis
649 3582 883 3676 defenditur,
874 3610 908 3655 m
922 3609 979 3658 re·

68 3691 192 3764 abonis
211 3692 359 3765 habenda
377 3718 447 3764 non
469 3690 534 3776 ell3
552 3715 677 3788 eaque,
702 3715 772 3789 quo
791 3689 838 3765 est
850 3690 979 3781 maior,

77 3802 183 3898 magis
198 3812 342 3874 mentem
357 3828 375 3877 e
393 3803 448 3875 sua
470 3802 545 3874 sede
567 3820 600 3871 et
616 3797 698 3873 statu
712 3801 882 3888 dimove13
902 3827 979 3900 pro·

68 3913 108 3984 lo
122 3911 203 3982 nihil
217 3911 264 3983 est
278 3913 365 3985 aliud
380 3914 465 3988 bene
477 3932 509 3985 et
519 3908 613 3983 beate
627 3907 759 4005 vivere,
774 3909 834 3985 nist
843 3907 980 3985 honeste

70 4023 160 4096 rede
174 4022 303 4099 vivere.
