2340 4560
79 39 1153 306 u

180 401 188 408 ο
395 378 406 400 ι
517 396 521 407 l
629 408 631 413 Ι

316 641 809 717 Hts'sourcut.
984 670 1052 745 527

131 803 256 868 Cretam
275 803 374 865 vincit.
391 803 454 868 nu
471 824 506 878 ι,
526 818 572 885 ¹9³
587 801 697 882 legatus
714 800 836 864 mittitur
849 803 886 864 ad
898 802 1055 870 Galliaeci-

133 886 259 958 uitatee‚
279 883 364 945 nese
374 902 441 944 cum
458 883 597 947 Helvetiis
617 888 743 962 iungant.

91 968 135 1045 Q.
157 964 360 1029 METELLUS
375 965 475 1038 Celer,
490 969 562 1046 Nep.
575 967 620 1044 fil.
636 966 744 1041 Belrer.
758 987 817 1045 nep.
832 962 912 1027 Brut.
928 964 975 1048 89.
992 987 1053 1030 non

133 1045 187 1109 ille
204 1047 322 1124 quidem
342 1059 453 1119 orator,
469 1044 519 1106 sed
540 1059 638 1106 tamen
655 1065 715 1106 non
729 1044 841 1120 infans,
856 1046 921 1107 trib.
936 1046 977 1124 pl
992 1049 1057 1111 col-

133 1127 209 1206 legis
230 1127 266 1189 C.
278 1127 414 1191 Curione
433 1128 473 1206 Q.
489 1126 595 1201 Vario,
617 1126 653 1191 C.
672 1125 806 1190 Carbone
831 1130 885 1189 &c
904 1127 1054 1205 auditura

133 1209 280 1270 Cicerone
303 1208 415 1270 iuvene.
547 1252 550 1257 -
801 1209 805 1217 ’

94 1291 137 1367 Q.
160 1284 364 1353 METELLUS
380 1288 473 1352 Celer.
493 1289 591 1352 Celeris
605 1290 650 1368 fil.
667 1289 758 1350 maior.
778 1287 863 1352 Catil.
883 1309 916 1364 r,
932 1289 959 1351 8.
979 1310 1053 1374 t‚3.

134 1369 195 1432 Sul.
213 1389 260 1451 23.
295 1385 388 1431 raetor
405 1370 547 1432 Cicerone
562 1367 705 1443 Consule,
724 1369 869 1431 delectum
885 1369 1053 1433 habetcon-

130 1462 178 1512 tra
202 1449 366 1512 Ca'nam.
391 1449 444 1513 Pis.
458 1472 487 1526 4.
506 1448 617 1513 Consul
638 1450 814 1529 designatus,
830 1472 887 1512 curn
912 1456 944 1514 L
966 1454 1053 1595 Agra-

134 1535 202 1606 nio,
227 1531 352 1609 privatus
375 1533 543 1594 auctoritate
571 1527 620 1592 sua
643 1531 728 1593 ludos
751 1529 964 1610 Compitalitiot
1010 1534 1051 1595 eri

133 1611 293 1691 prohibet,
315 1616 342 1675 ἃ
364 1632 425 1674 rem
442 1612 562 1676 obtinet
586 1614 647 1676 Att
673 1633 704 1688 ι,
730 1633 775 1692 17.
795 1611 906 1675 Consul
926 1612 1052 1697 designa.
1162 1670 1168 1695 ¹.

132 1707 181 1755 tus
197 1693 295 1754 resistit
309 1693 488 1772 publicanis,
506 1693 660 1755 Asiaticam
675 1693 850 1756 locationem
874 1693 974 1757 induci
998 1715 1053 1775 po.
1157 1699 1163 1723 ³

133 1773 313 1837 liulantibus.
340 1777 379 1837 ad
395 1776 458 1838 Diu.
482 1795 516 1856 5,
538 1795 561 1837 t.
582 1792 651 1835 cum
670 1773 811 1838 Cicerone
831 1775 989 1856 expostulat
1013 1778 1050 1839 de
1148 1790 1154 1821 ³

131 1856 220 1919 fratre
232 1857 347 1935 Nepote
364 1857 479 1918 tribuno
493 1856 529 1920 ab
543 1852 604 1934 ipso
622 1856 653 1916 in
670 1856 775 1919 Senatu
787 1869 964 1937 oppugnato.
983 1857 1050 1921 Gal·

131 1937 203 2000 liam
219 1937 396 2017 provinciam
416 1938 528 2000 obtinet
541 1960 576 1998 ex
586 1956 720 2021 pentura.
745 1939 807 2001 nn.
825 1940 864 2014 6,
884 1958 909 2020 3.
926 1940 965 2001 ad
981 1939 1046 2003 Diu.

131 2019 175 2094 8,
192 2020 220 2084 8.
243 2019 358 2082 accusat
369 2020 412 2082 Μ.
430 2018 588 2082 Servilium.
611 2018 695 2082 Coel.
719 2041 762 2096 14
778 2018 913 2082 Clodiam
928 2040 1048 2084 uxorem

131 2099 230 2165 habet
250 2119 274 2162 c.
293 2123 340 2178 ²4·
362 2102 422 2162 eius
439 2119 534 2175 more,
546 2119 691 2163 venenum
705 2100 970 2179 accepilleindicat
986 2101 1047 2166 lau-

132 2183 226 2244 datur.
242 2182 319 2244 Brut
335 2204 385 2261 70.
401 2181 492 2259 qualis
509 2194 613 2243 orator.

89 2264 131 2341 Q.
150 2263 355 2326 METELLUS
378 2266 492 2342 NepoS‚
514 2265 611 2323 Celeris
628 2263 690 2321 min.
707 2261 747 2344 fr.
770 2263 807 2324 ad
829 2263 892 2325 niv.
912 2284 955 2347 5„
968 2287 991 2327 r.
1016 2289 1043 2328 2.
1139 2258 1141 2263 ’

129 2346 199 2406 trib.
217 2344 256 2423 pl.
274 2347 369 2405 Silano
388 2344 415 2405 fr
435 2349 552 2405 Murena
573 2343 641 2422 Coff.
662 2343 693 2401 in
711 2343 814 2402 Senatu
833 2359 1047 2422 oppugnatura

131 2427 293 2490 Cicerone:
314 2446 400 2504 quem
419 2440 484 2487 ante
502 2423 561 2502 ipse
577 2433 798 2501 oppugnaverat
820 2424 865 2484 Br.
883 2425 932 2502 78.
957 2427 1047 2503 qualit

130 2508 161 2567 in
181 2509 305 2568 dicendo
323 2508 418 2569 fuerit.
431 2508 490 2588 suit
507 2507 605 2586 Consul
624 2525 679 2563 eun
696 2505 808 2564 Lentulo
820 2505 964 2586 Spinthere.
981 2506 1048 2568 Sen.

129 2610 159 2667 p.
180 2589 214 2651 R.
234 2612 262 2666 7.
284 2590 445 2650 inimicitias
468 2606 534 2647 cum
555 2586 697 2649 Cicerone
725 2585 864 2661 deponit,
883 2604 976 2662 neque
1003 2587 1047 2645 in-

129 2673 253 2731 tercedit
272 2669 418 2744 lentulo,
436 2685 519 2747 atque
536 2668 622 2728 etiam
635 2667 671 2726 de
687 2665 827 2728 Cicerone
843 2664 928 2726 refert
944 2667 1046 2730 &fert

129 2750 219 2813 Dom.
234 2764 282 2830 47.
302 2753 362 2813 eius
385 2770 452 2813 avus
470 2750 515 2831 effi
533 2751 630 2809 dieitur
648 2747 877 2822 Macedonicus,
895 2750 940 2830 qui
961 2767 1047 2810 tanen

129 2857 143 2892 e
181 2835 292 2892 abavus.

89 2835 223 2989 blEstTO,
243 2916 303 2975 Art.
326 2935 380 2989 ιι,
399 2934 423 2994 3.
444 2917 471 2975 lt
502 2933 547 2996 51.
563 2911 622 2994 fuit
642 2913 742 2972 debitor
763 2912 911 2993 Ciceronis,
928 2915 999 2992 quod
1010 2937 1044 2973 ex

131 2998 215 3056 altero
234 2995 290 3055 loco
306 3015 351 3072 ep.
376 3015 419 3077 51.
429 2997 502 3078 fieris
524 2996 591 3055 clare
607 3013 732 3076 apparet,
746 2995 797 3074 sed
820 2996 883 3073 quia
905 2995 972 3082 istud
983 3013 1044 3052 tar-

129 3081 193 3137 dum
210 3099 301 3135 nomen
322 3094 396 3150 erat,
418 3077 486 3135 ludit
513 3077 540 3133 in
560 3074 726 3147 nomine‚&
752 3074 818 3130 diem
831 3075 977 3152 fhlueronis
996 3092 1045 3131 an-

130 3177 203 3217 num
221 3157 345 3218 Metonis
363 3158 485 3238 appellat.
503 3157 651 3214 Dicebatur
669 3156 736 3212 enirn
748 3170 838 3210 annus
854 3151 980 3211 Metonis
996 3175 1043 3231 per

124 3240 292 3321 proverbium
305 3262 352 3319 pro
367 3239 445 3320 longo
460 3257 576 3315 tempore.
596 3234 698 3313 proprie
711 3251 795 3290 autem
810 3249 900 3290 annua
917 3232 1043 3291 Metonis

129 3323 165 3403 est
181 3320 272 3398 cyclus
295 3319 460 3401 undeviginti
486 3316 631 3389 annorum,
657 3315 702 3394 qui
721 3316 853 3373 Melonem
874 3312 1042 3391 astronomum

128 3406 253 3461 annonem
269 3402 386 3460 habebat.

88 3481 241 3621 impin,
261 3483 297 3541 ad
314 3481 377 3541 Div.
401 3500 433 3564 15
450 3524 459 3554 ,
480 3500 507 3551 4.
530 3476 618 3537 homo
635 3475 711 3553 apud
735 3471 958 3535 Ariobarzanem
982 3491 1043 3551 gra.

129 3581 171 3624 tto
186 3583 227 3622 HS.

88 3643 302 3709 lllETRlLIUS
323 3641 516 3712 PHILEMO,
539 3638 603 3699 Div.
628 3661 663 3718 7,
692 3636 734 3696 18.
761 3637 897 3695 libertinus
919 3635 1042 3711 videtur,

125 3727 421 3867 ζινῖλιζοΜΙὲῖἦιίιὲἑὶω
449 3723 621 3782 coniiciebat:
640 3719 681 3780 M.
711 3715 868 3793 Aetnilitw,
892 3721 1043 3799 Rusgerfius

89 3888 362 3952 lllETRODORUS
386 3890 520 3969 Seepfius‚
551 3884 600 3945 Or.
626 3903 659 3956 ι,
678 3901 722 3940 ιι.
745 3879 901 3944 Carneadis
920 3881 1041 3946 auditor.

130 3971 212 4031 Orat.
238 3993 272 4042 2,
294 3968 341 4030 88.
360 3968 446 4031 Tusc.
470 3970 527 4044 Qu.
555 3986 586 4037 r,
614 3986 659 4035 24.
685 3962 780 4023 divina
809 3963 864 4023 fuit
893 3964 1040 4022 memoria.

128 4051 242 4112 Plinius
259 4052 421 4112 excellentem
431 4051 551 4134 pitlorem
558 4045 639 4131 fuiffi
646 4042 696 4120 ,te
711 4047 743 4107 L.
762 4046 857 4108 Paulli
875 4044 970 4106 lenos
983 4064 1041 4119 τηις

90 4158 97 4172 ·
126 4131 222 4214 divrffe
237 4133 327 4196 tradit.
