2340 4628
184 635 806 709 enrtosovurcouuu.
874 638 878 647 ·
929 660 1001 735 299

60 821 108 869 uu
141 797 366 892 perturbatam
395 797 535 873 consiliis
563 796 694 894 nepotis
722 780 799 876 r‘nei.
842 798 909 875 Hic
936 817 1001 891 tu,

60 905 220 997 fricane,
239 906 390 983 ostendas
415 907 584 1006 oportebit
596 906 718 1004 patriae
740 909 852 983 lumen
873 909 1003 1003 animi,

60 1017 184 1115 rgenii,
205 1016 398 1116 consiliique
418 1021 477 1093 tui.
507 1020 571 1092 Sed
595 1019 665 1093 eius
685 1019 846 1115 temporis
872 1017 1001 1116 ancipi·

60 1152 102 1199 em
123 1128 227 1202 video
246 1128 337 1226 quast
359 1128 503 1202 fatorum
525 1130 625 1203 viam.
649 1154 726 1201 nam
745 1154 821 1202 cum
842 1148 929 1201 aetas
947 1147 1003 1203 tua

60 1260 188 1336 eptenos
207 1243 312 1319 offles
333 1238 413 1317 solis'
436 1242 600 1316 anfratlus
621 1240 809 1337 reditusque
825 1257 1005 1316 converte·

60 1368 100 1441 t,
127 1350 266 1449 duoque
295 1350 330 1423 hi
355 1353 511 1434 numeri,
532 1372 680 1450 quorum·
697 1372 837 1448 uterque
859 1348 1001 1447 plenuS,

60 1462 116 1533 'ter
128 1460 230 1536 altera
244 1461 286 1534 de
305 1460 423 1545 causa,
444 1462 598 1547 habetur,
610 1460 749 1535 circuitu
763 1460 902 1534 naturali
914 1461 1003 1536 sum·

60 1593 127 1642 ram
148 1569 212 1641 tibi
230 1568 360 1645 fatalem
383 1570 614 1658 confecerinr;
638 1571 673 1644 in
699 1589 732 1643 te
754 1597 881 1662 uuum,
902 1597 1002 1673 atque

60 1704 72 1753 ι
91 1696 189 1753 tuum
206 1704 351 1769 nomen,
365 1679 398 1753 se
417 1701 489 1756 tota
506 1701 682 1778 convertet
701 1680 818 1756 civitas
831 1709 842 1755 z
857 1701 891 1757 te
908 1684 1001 1759 sena·

60 1814 109 1879 rs,
122 1809 156 1862 te
174 1814 292 1865 omnes
306 1791 407 1880 boni,
426 1811 458 1864 te
475 1790 579 1877 socii,
594 1814 626 1885 te
640 1790 746 1897 Latini
764 1791 1000 1870 intuebuntur

60 1926 72 1973 ι
91 1899 158 1973 eris
178 1924 287 1987 unus,
306 1901 342 1972 in
365 1926 435 1996 qno
458 1905 579 1976 nitatur
599 1902 742 1977 civitatis
762 1902 872 1989 salus;
891 1887 936 1976 ac⁰
955 1930 999 1979 ne

60 2009 161 2096 tulta,
179 2008 319 2083 dillator
339 2011 579 2108 rempublieam
599 2011 778 2093 ¹constituas
798 2035 955 2109 oportet,
973 2015 998 2091 st

60 2118 155 2214 npias
180 2116 450 2216 propinquorum
477 2148 590 2194 manus
616 2119 780 2218 effugeris.
824 2121 889 2195 Hic
921 2148 995 2194 cum
1056 2152 1059 2165 ·

60 2227 244 2300 rclamallet
267 2230 415 2316 Laelius,
439 2230 737 2327 ingemuissentque
762 2230 864 2301 ceteri
887 2233 998 2303 vehe-

60 2339 202 2422 rentius3
226 2341 343 2412 leniter
365 2343 511 2414 arridens
523 2342 662 2437 Scipio,
688 2342 843 2431 Quaeso,
864 2341 997 2437 inquit,
1026 2408 1032 2419 ,

60 2472 76 2518 e
100 2472 157 2521 me
179 2474 198 2520 e
221 2449 339 2522 somno
360 2452 537 2539 excitetis,
558 2473 592 2524 et
609 2475 727 2546 parurn
749 2451 869 2521 rebus:
888 2451 999 2521 audite

60 2578 156 2629 etera.
183 2559 249 2631 Sed
261 2585 332 2656 quo
344 2560 404 2648 sn,
419 2560 594 2647 Africam,
606 2559 749 2663 alacrior
769 2560 811 2630 ad
824 2559 996 2632 tutandum
1016 2579 1035 2652 3

60 2667 361 2763 tmpublic'am,s1c
384 2672 505 2746 habeto
526 2698 534 2739 ε
563 2669 753 2760 Omnibus,
780 2671 838 2768 qui
859 2671 998 2767 patriam

60 2777 292 2865 nnservarinr‚
311 2782 519 2867 adiuverint,
545 2782 719 2871 auxerint,
743 2805 870 2855 cerrum
884 2781 949 2855 effe
963 2784 999 2857 in

60 2887 136 2958 oelo
159 2911 198 2959 ac
218 2890 390 2965 delinitum
417 2893 553 2983 lorum,
577 2894 635 2966 nbi
659 2893 745 2965 beari
768 2918 855 2966 aevo
875 2895 997 2992 sempi-

60 3022 136 3069 :rno
157 2996 317 3073 fruantur.
341 3002 420 3071 nihil
439 3002 484 3076 est
500 3004 588 3076 enim
601 3003 649 3076 illi
665 3003 807 3099 principi
821 3004 900 3075 Deo
913 3059 924 3095 ,
939 3008 998 3101 qui

61 3130 176 3179 mnem
199 3109 285 3183 hunc
300 3113 457 3184 mundum
478 3116 563 3212 regit
575 3168 586 3201 ,
599 3114 694 3210 quod
708 3115 841 3209 quidem
855 3114 888 3182 in
903 3115 999 3185 tenis
1098 3187 1105 3200 ,

60 3239 122 3305 ar,
146 3222 338 3314 acceptius,
371 3249 469 3319 quam
497 3225 639 3296 concilia
673 3220 998 3316 coetusque'homi·

61 3353 120 3399 um
148 3327 219 3400 iure
238 3331 373 3420 sociati,
396 3358 478 3428 quae
504 3335 654 3405 civitates
680 3330 885 3426 appellantur
906 3357 915 3401 :
937 3330 1001 3409 ¹ha·

60 3461 111 3508 rm
143 3441 285 3512 retlores
309 3460 342 3512 et
369 3442 617 3515 conservatores
643 3439 720 3513 lrinc
744 3439 909 3534 protecti,
931 3440 998 3515 huc

60 3566 261 3625 evertuntur.
293 3553 359 3625 Hic
380 3577 471 3649 ego,
499 3551 557 3626 etsr
578 3576 668 3624 eram
691 3547 904 3646 perterritus,
925 3578 996 3629 non

60 3684 106 3729 un
127 3677 218 3732 metu
237 3664 380 3751 mortis,
397 3689 497 3759 quam
518 3662 709 3735 insidiarum
727 3686 746 3733 a
766 3659 868 3748 meis,
892 3689 997 3762 quae·

63 3769 98 3843 vi
117 3786 249 3857 tamen,
271 3773 443 3844 viveretne
464 3773 531 3868 ipse
548 3790 581 3844 et
598 3772 724 3844 Paullus
744 3791 862 3868 pater,
875 3796 908 3847 et
921 3776 997 3868 alii,

60 3902 204 3952 nosnos
221 3879 397 3953 exstintus
419 3881 660 3953 arbitraremur.
687 3885 795 3953 Immo
817 3909 924 3977 vero,
941 3886 995 3959 in·

61 3987 131 4072 uit,
147 3986 170 4058 ii
185 3989 325 4078 vivunt,
342 3992 455 4086 quiex
470 4015 652 4086 corporum
667 3993 829 4081 vinculis,
840 3983 996 4090 tanquani

82 4122 240 4191 carcere,
255 4098 499 4178 evolaverunt:
520 4097 627 4178 vestra
648 4125 731 4177 vero
741 4154 753 4196 ,
776 4128 860 4202 quae
876 4103 997 4181 dicitur
