2340 4628
359 598 710 676 truanni.
953 632 1023 709 η,

51 755 189 855 quidem
215 757 282 833 erit
303 760 345 832 de
366 759 440 858 ipso
461 761 582 836 amico.
607 765 705 861 ponit
724 764 814 838 enim
841 768 1019 866 personam

10 860 12 885 '
54 874 171 964 amici,
191 900 273 949 cum
299 876 411 950 induit
430 877 557 977 iudicis.
576 879 722 953 Tantum
738 881 828 954 dabit
847 887 1026 979 amicitiae,

59 1002 90 1057 ut
103 1011 224 1058 veram
243 984 344 1061 amici
357 988 486 1062 causam
500 988 565 1062 esse
584 988 676 1061 malit
686 1013 743 1076 ;et
756 1013 792 1063 ut
803 993 946 1067 orandae
957 996 1024 1070 litis

61 1111 206 1194 tempus,
220 1099 335 1197 quoad
350 1100 509 1198 perleges
527 1088 646 1186 liceat,
662 1104 906 1176 accommodet.
935 1105 1022 1183 Cum
1038 1129 1073 1183 aa

63 1228 138 1279 vero
163 1208 279 1280 iurato
300 1206 461 1281 sententia
474 1208 614 1280 dicenda
632 1207 688 1291 srt;
702 1209 910 1304 meminerit,
924 1215 1024 1291 deum

63 1311 88 1393 se
110 1315 276 1417 adhibere
301 1313 440 1405 testem,
463 1315 499 1386 id
522 1310 568 1385 esl
591 1310 657 1409 (ut
678 1315 852 1415 arbitror)
878 1340 1025 1397 mentem

63 1420 143 1497 suam
153 1479 167 1514 ,
180 1451 249 1525 qua
262 1424 344 1498 nihil
358 1425 490 1498 homini
498 1425 593 1521 dedit
609 1426 689 1499 deus
702 1425 772 1524 ipse
791 1426 946 1502 divinius.
959 1434 1025 1504 lta·
1060 1418 1067 1428 ⁹

63 1556 119 1630 quc
136 1535 382 1632 praeclaruma
403 1535 583 1609 maioribus
601 1535 790 1641 accepimus
814 1562 944 1612 morem
964 1564 1024 1612 ro·
1050 1624 1055 1635 ,
1096 1588 1099 1597 -

62 1647 154 1742 gandi
165 1646 337 1739 iudicis,fi
349 1673 425 1721 eum
435 1668 637 1736 teneremus,
652 1651 743 1745 Quae
747 1651 845 1743 fal-m
844 1651 912 1743 fide
918 1653 1024 1745 facem

59 1756 153 1854 pnffie.
176 1758 277 1831 llaec
291 1757 422 1857 rogatio
439 1757 481 1862 ad
502 1781 541 1830 ea
560 1760 723 1855 pertinet,
737 1784 820 1858 quae
837 1762 939 1860 paulo
961 1788 1023 1836 an·

63 1864 218 1955 tedixi,
242 1865 381 1939 honeste
411 1866 519 1940 amico
555 1892 574 1939 a
605 1866 716 1942 iudice
745 1870 837 1967 posse
872 1872 1028 1951 concedi.
1064 1940 1069 1949 .

10 1990 12 2029 ³
62 2003 151 2069 nam,
169 1978 197 2051 si
215 1979 330 2052 omnia
348 1977 493 2052 facienda
511 1979 593 2071 suit,
606 2007 691 2079 quae
704 1974 805 2056 amici
814 1984 936 2072 velint3
952 2010 1023 2059 non

62 2091 226 2164 amicitiae
239 2089 339 2180 tales,
353 2089 407 2162 sed
420 2090 667 2164 coniurationes
684 2093 846 2189 putandae
863 2092 934 2166 fint.
956 2095 1023 2166 Lo·
1037 2086 1072 2164 st

62 2224 146 2298 quor
169 2219 280 2274 autem
302 2199 343 2270 de
365 2200 598 2272 communibus
624 2201 784 2273 amicitiis.
811 2228 885 2274 narn
913 2204 948 2274 in
972 2203 1023 2275 sa·

63 2307 227 2401 pientibus
249 2305 331 2379 viris
353 2301 598 2402 perfectisque,
624 2307 706 2378 nihil
730 2309 837 2404 potest
860 2309 924 2382 esse
948 2309 1025 2385 tale.

63 2418 254 2491 Damonem
284 2436 317 2488 et
339 2417 526 2505 Phintiam,
547 2416 798 2512 Pythagoreos,
824 2418 933 2490 ferunt
957 2418 1025 2492 hoc

62 2526 173 2597 animo
189 2525 276 2601 inter
290 2526 322 2600 se
338 2524 430 2599 fuisse
442 2580 453 2616 ,
467 2546 524 2612 ut,
544 2548 753 2597 cumeorum
771 2526 863 2598 alteri
878 2528 1024 2626 Diony·

63 2637 119 2710 tius
133 2660 299 2737 tyrannus
311 2637 398 2709 diem
414 2638 503 2710 necis
516 2633 749 2722 destinavisset,
764 2654 797 2708 et
810 2637 850 2721 is,
865 2637 922 2735 qui
937 2663 1028 2711 mor·

63 2745 251 2818 taddittus
262 2744 359 2837 esset,
370 2771 495 2841 paucos
509 2745 570 2817 fibi
594 2744 662 2817 dies
676 2746 1025 2821 commendandorum

64 2857 199 2929 suorum
219 2854 313 2927 causa
330 2854 579 2953 postulavisset,
595 2880 654 2930 vas
676 2853 778 2928 faetus
797 2855 834 2928 stt
850 2857 933 2930 alter
953 2859 1026 2933 eius

63 2964 213 3052 sslendi3
225 2985 280 3051 ut,
296 2965 321 3038 s1
341 2966 394 3039 ille
409 2991 479 3038 non
500 2965 703 3050 revertisset,
719 2967 931 3039 moriendum
947 2966 1026 3039 esset

64 3072 131 3171 ipsi.
154 3073 215 3171 qui
231 3096 307 3147 cum
320 3073 462 3147 adrdiem
474 3076 506 3149 se
520 3075 701 3173 recepisset,
714 3075 894 3147 admiratus
906 3100 1026 3146 eorum

64 3182 163 3255 sidem
176 3200 363 3280 tyrannus,
377 3183 495 3279 petivit
508 3237 518 3274 ,
531 3202 566 3254 ut
581 3185 612 3255 se
631 3185 672 3256 ad
693 3183 871 3255 amicitiam
889 3182 1024 3263 tertium

65 3290 297 3364 adscriberent.
320 3292 408 3363 Cum
434 3293 535 3391 igitur
548 3292 605 3379 id,
624 3292 717 3387 quod
737 3291 819 3361 utile
841 3287 976 3362 videtur
991 3289 1027 3359 in
1047 3308 1097 3385 ιιΙ

64 3401 229 3488 amicitia,
243 3425 320 3472 cum
330 3426 392 3490 eo,
407 3403 500 3499 quod
515 3398 692 3474 honestum
709 3399 775 3485 est,
791 3416 1027 3494 comparatur;
1042 3412 1075 3474 ts·

63 3510 170 3585 iaceat
190 3508 337 3582 utilitatis
350 3507 616 3606 species,valeat
638 3507 800 3582 honeslas.
820 3533 897 3580 curn
917 3533 1026 3583 autem

64 3619 96 3692 in
109 3615 280 3703 amicitia,
295 3641 379 3713 quae
400 3615 536 3698 honesta
556 3640 626 3688 non
649 3617 741 3705 sunt,
756 3614 1028 3711 poslulabuntur;

64 3727 182 3827 religio
195 3749 231 3798 et
241 3721 324 3799 fides
339 3740 579 3821 anteponantur
594 3721 776 3795 amicitiae:
790 3722 833 3795 fic
854 3723 1029 3797 habebitur

64 3840 110 3932 is,
131 3862 236 3937 quem
252 3834 478 3932 exquirimru,
495 3835 634 3907 delectus
650 3833 764 3909 officii.
796 3834 861 3907 Sed
879 3835 1031 3909 utilitatis

64 3950 170 4046 specie
185 3948 221 4020 in
238 3944 408 4042 republica
427 3944 606 4042 saepissime
622 3963 788 4041 peccatur,
803 3943 888 4016 utin
904 3943 1030 4014 Corin·

65 4061 109 4132 tbi
130 4056 376 4132 disturbatione
394 4052 647 4126 nostriaedurius
671 4052 770 4126 etiam
796 4050 1032 4143 Athenienses,

110 4163 207 4242 θίαν,
241 4158 337 4255 Opcr.
367 4157 437 4226 Vol.
467 4153 555 4222 XII.
835 4151 853 4220 Ι
