2340 4628
137 606 761 748 anttosottttcoauu.
859 604 933 775 ²⁸i

73 834 172 907 Ave.
189 835 247 906 tib.
261 800 317 907 ai.
329 862 399 929 cap.
413 831 472 933 6.)
492 834 674 931 Propterea
691 806 840 909 esistunt
860 856 933 913 nott

69 967 128 1015 um
139 942 230 1016 inter
245 940 343 1015 Deos
355 958 527 1039 receptum
539 939 597 1013 tali
614 962 750 1035 morte,
761 941 843 1042 quia
856 941 933 1019 for·

68 1053 153 1154 luod
171 1070 243 1130 erat
257 1053 293 1127 iu
311 1054 661 1153 Romulo=probatum
672 1106 685 1142 ,
698 1054 847 1133 Romani
859 1056 933 1135 vul·

68 1167 265 1259 uoluerunt,
286 1164 312 1238 fi
332 1167 401 1240 hoc
421 1185 455 1240 et
472 1166 566 1241 alteri
578 1165 789 1242 tiibueretur.
991 1214 994 1221 ·

68 1295 129 1349 cs.
144 1280 199 1350 lib.
213 1281 248 1350 ό.
261 1304 331 1373 cap.
345 1278 412 1376 φ.)
429 1276 511 1350 Vult
522 1274 935 1374 planevistushoaorems
1003 1294 1006 1301 ·

68 1382 245 1460 stvirtutis
268 1384 417 1459 ullaalia
440 1408 593 1479 merces,
616 1408 720 1483 quam
745 1401 859 1460 tamen
878 1382 936 1461 illa
1019 1418 1022 1422 ·

68 1510 87 1567 :t
101 1486 228 1585 facile,
249 1494 354 1594 exigit
374 1518 446 1567 non
467 1493 599 1569 acerbe.
616 1490 675 1567 sed
691 1492 717 1567 fi
736 1514 795 1567 aut
812 1492 936 1592 ingrati
982 1577 986 1586 ¹

68 1599 131 1692 rii,
148 1622 204 1678 aut
221 1603 331 1695 invidi
350 1604 469 1695 multi,
482 1619 539 1677 aut
554 1601 685 1677 inimici
703 1618 858 1701 potentes
871 1598 937 1679 suia

68 1734 123 1785 em
146 1712 301 1810 praemiis
317 1712 481 1811 spoliant,
495 1734 557 1785 nae
573 1710 629 1785 illa
645 1710 679 1786 se
698 1729 811 1787 umen
823 1712 939 1787 mttitis
982 1764 986 1781 .

68 1849 87 1899 s
109 1824 255 1900 oble'iiat
266 1880 280 1918 ,
308 1823 521 1926 maximeque
546 1822 608 1899 suo
629 1822 754 1899 decore
775 1822 940 1925 seipsam

68 1951 129 2008 ttat.
543 1974 546 1981 ¹
749 1980 759 1991 -=
1082 1978 1087 1987 ·

82 2048 181 2116 Auo.
201 2045 256 2115 lib.
277 2071 333 2118 22.
353 2070 421 2138 cap.
439 2048 472 2117 6.
493 2036 618 2142 Ciris.)
638 2042 705 2117 Sed
723 2038 779 2115 his
793 2040 938 2139 poenis,

73 2153 172 2227 etiam
194 2151 371 2225 tiutltiffimi
400 2152 567 2244 sentiunt,
596 2150 763 2253 egestate,
792 2151 937 2254 exfilio‚
1033 2244 1037 2257 Ι

68 2263 128 2352 lis,
141 2263 335 2338 verberibus
355 2262 529 2336 elabuntur
551 2264 646 2361 saepe
667 2262 810 2360 privati,
825 2262 938 2336 oblata

68 2374 278 2449 sceleritate.
297 2374 500 2449 Civitatibus
512 2394 624 2461 autem
637 2400 730 2449 mors
745 2376 813 2473 ipsa
826 2402 937 2475 poena

68 2511 143 2585 suae
160 2488 295 2562 videtur
313 2511 333 2557 a
355 2509 465 2582 poena
482 2484 627 2582 fingulos
640 2485 823 2559 vindicare.
837 2486 938 2562 debet

76 2598 256 2674 constituta
279 2598 322 2671 stc
344 2597 409 2669 effe
431 2595 571 2686 civitas,
594 2615 632 2670 ut
645 2614 779 2694 aeterna
796 2598 845 2671 fit.
869 2603 938 2675 lta·

68 2708 157 2781 tullus
175 2708 328 2781 interitus
348 2705 395 2779 est
410 2705 613 2804 reipublicae
628 2705 805 2798 naturalis,
821 2725 859 2780 ut
869 2709 940 2792 hoq

74 2872 86 2910 ,
100 2817 215 2915 inquo
229 2841 321 2889 mors
337 2841 405 2888 non
424 2814 532 2887 modo
546 2813 725 2890 neceffaria
737 2814 804 2908 est,
817 2841 939 2894 venam

86 2925 232 3024 optanda
248 2924 414 3024 persaepe.
430 2924 560 3001 Civitas
571 2944 685 2998 autem
706 2950 783 2999 cum
797 2926 943 3020 tollintt,

68 3064 117 3125 ar,
141 3037 385 3136 exstinguitur,
403 3038 505 3111 simile
526 3038 573 3111 est
596 3037 882 3138 quodammodo,
899 3060 939 3117 ut

70 3149 99 3222 is
119 3173 222 3246 parva
245 3146 472 3234 conseramus,
486 3171 526 3223 ac
544 3145 569 3219 fi
586 3147 699 3220 omnis
721 3145 775 3223 hic
792 3149 938 3223 muudus

68 3277 108 3331 ,at
132 3282 171 3332 ac
194 3255 357 3331 concidat.
499 3247 507 3260 ⁴

79 3372 177 3442 Auo.
196 3372 248 3442 lib.
263 3398 296 3442 2.
313 3397 381 3465 cap.
394 3394 442 3443 21.
465 3362 588 3463 Ciric)
605 3365 808 3464 Respublica
822 3367 871 3442 est
882 3392 937 3443 tes

68 3477 96 3551 ii.
134 3478 281 3574 Populus
302 3496 498 3550 autemnon
518 3475 631 3548 omnis
648 3493 766 3549 coetus
783 3476 936 3552 mulum-

68 3633 77 3672 ,
96 3585 152 3660 sed
170 3605 285 3661 coetus
301 3587 383 3660 iuris
401 3583 587 3675 consensu,
609 3604 645 3659 et
665 3583 815 3659 utilitatis
833 3610 936 3662 com·

68 3718 130 3767 une
150 3695 302 3768 sociatus.

82 3808 180 3880 Aue.
198 3802 346 3903 ibidem.)
362 3803 559 3901 Respublica
570 3827 625 3880 res
639 3801 687 3877 est
702 3802 842 3903 popui,
855 3830 936 3884 cunt

68 3940 104 3991 ac
117 3913 201 3989 iuste
219 3915 363 4015 geritur,
376 3913 444 3988 ssve
460 3914 502 3986 ab
516 3938 586 3988 uuo
598 3940 693 4014 rege,
708 3914 776 3988 five
788 3937 808 3986 a
820 3916 936 4012 paucis

68 4026 214 4115 tatibus,
240 4024 308 4099 five
336 4028 378 4100 ab
400 4026 558 4101 universo
579 4028 724 4129 pupulo.
749 4052 828 4103 cum
849 4049 936 4101 vero

68 4161 108 4213 us
128 4133 177 4212 est
193 4160 252 4210 rex
261 4188 275 4230 ,
290 4161 393 4237 quem
410 4154 590 4235 tyranuum
610 4160 728 4225 voco3
754 4154 813 4214 aut
824 4130 938 4215 iniisti
