2340 4628
340 624 775 703 Pannnoxn.
987 628 1058 723 267

68 790 204 925 {tantm
218 840 232 881 ,
247 808 349 889 atque
369 786 591 876 tbbndantia3
613 815 712 889 quant
735 807 774 864 tu
792 787 953 889 quoniam
974 814 1058 863 nun·

68 922 193 997 apum
207 896 376 996 assequere
387 950 401 989 ,
414 920 584 995 mtnqnant
596 897 739 971 omnino
756 921 794 971 es
808 896 937 971 futurus
952 897 1055 973 dives.

68 1010 206 1099 ibicum
243 1028 355 1081 autem
382 1008 543 1106 quoniam
578 1010 751 1105 pemmiam
782 1009 996 1100 contemnis,
1021 1024 1057 1082 et

68 1114 206 1201 fnum
225 1110 304 1213 (eti
334 1112 424 1187 'enim
449 1114 493 1189 ad
517 1113 611 1214 vulgi
632 1115 829 1211 opinionem
849 1114 1055 1203 mediocris3

73 1222 259 1316 'eduum
274 1224 378 1313 niun
392 1224 579 1318 admeam,
593 1216 781 1326 modica3)
797 1228 841 1301 de
860 1252 916 1300 me
930 1226 1053 1301 stlebot

76 1332 133 1425 ,de
148 1358 193 1407 te
214 1333 345 1433 loquat.
381 1335 417 1409 Si
435 1334 596 1419 censtnda
619 1335 718 1410 nobis
737 1355 837 1437 atque
856 1334 1055 1410 aestimanda

92 1464 142 1521 tes
159 1440 221 1531 sit,
236 1460 350 1519 uttutn
367 1446 503 1521 tandem
527 1445 633 1543 pluris
651 1447 859 1521 aestimemus
876 1443 1055 1545 pecuniam

92 1554 239 1652 Pyttbi,
271 1577 373 1653 quam
405 1555 557 1631 Fabricio
588 1557 687 1634 dabat
699 1613 721 1663 ,ι
738 1584 781 1632 an
812 1546 1053 1634 continentiam
1107 1606 1115 1619 .

92 1664 259 1755 Fabricii,
285 1664 343 1765 qui
377 1666 469 1741 iilam
493 1668 667 1765 pecuniam
694 1669 916 1771 repudiabat?
941 1684 1053 1741 utrum
1084 1716 1091 1731 ·

91 1799 208 1849 tutum
227 1776 441 1869 Samnitum,
459 1800 500 1849 an
521 1777 712 1878 responsum
733 1776 793 1851 Μ’.
816 1773 939 1851 onii?
961 1776 1054 1849 bete·

90 1885 226 1961 ditatem
258 1888 295 1959 1.
319 1886 453 1977 Paulli,
480 1910 524 1961 an
544 1886 773 1964 liberalitatem
795 1884 969 1976 Africani,
991 1884 1052 1985 qui

88 1993 158 2069 eius
176 1995 366 2072 hereditatis
379 1998 426 2091 Q.
438 1996 588 2075 Maximo
608 1999 702 2074 statti
715 2018 853 2099 *partem
865 1997 953 2071 suant
968 2020 1052 2071 con·

88 2106 210 2189 eefliti
227 2109 319 2184 Haec
341 2108 521 2207 profesio,
541 2137 627 2208 qntae
652 2112 725 2185 sunt
752 2112 953 2185 summarum
976 2109 1049 2185 vir·

88 2234 220 2299 nitunt.
240 2215 556 2314 pluris-aestimanda
569 2221 659 2307 sunt,
675 2244 773 2318 quant
789 2221 864 2307 ilia,
878 2218 1050 2318 quaesunt

87 2323 259 2423 pecuniae.
280 2326 366 2420 Quis
379 2328 480 2427 igitur
497 2329 711 2428 (squidem,
724 2347 761 2402 ut
780 2330 940 2429 quisque,
954 2329 1049 2427 quod

87 2426 223 2533 plurimi
242 2432 281 2508 fit
292 2489 305 2524 ,
324 2437 507 2533 possideat,
533 2439 579 2510 ita
600 2436 773 2511 ditiffimus
791 2440 958 2511 habendus
980 2438 1048 2535 sit)

86 2547 238 2638 dubitet,
250 2549 334 2647 quin
353 2550 387 2622 in
403 2551 527 2624 virtute
537 2549 674 2623 divitiae
686 2549 748 2621 sunt
760 2549 775 2623 i
787 2548 947 2647 quoniam
963 2549 1050 2622 nulla

86 2655 270 2755 posi'effio,
296 2658 384 2757 nulla
408 2659 461 2732 vis
482 2656 553 2731 auri
574 2675 608 2732 et
630 2659 780 2756 argenti,
799 2658 922 2757 pluris,
947 2682 1048 2757 quam

86 2766 218 2857 virtus,
233 2763 430 2842 aestimanda
452 2765 510 2840 est.
542 2767 578 2839 0
597 2765 645 2839 dii
666 2765 869 2840 immortales
882 2763 980 2840 iinon
996 2766 1082 2871 in·3

86 2872 240 2973 telligunt
256 2875 435 2963 hominen,
456 2900 558 2974 quam
576 2900 733 2973 magnum
757 2876 894 2975 vebigal
913 2875 952 2948 fit
972 2902 1049 2974 par·

87 2980 239 3059 simonia.
266 2984 369 3057 venio
390 2982 479 3057 enim
503 2984 569 3056 inm
596 2985 638 3056 ad
661 2984 867 3070 sumtuosos3
891 2984 1048 3082 relinquo

85 3090 185 3167 isium
206 3092 451 3192 quaestuosum.
476 3094 578 3192 Capit
598 3094 653 3168 ilie
673 3122 714 3170 ex
735 3095 800 3168 suis
818 3092 959 3189 praediis
977 3093 1049 3167 sex·

86 3226 185 3279 centa
201 3202 362 3292 sesteniat
376 3227 443 3304 ego
453 3224 593 3281 centena
609 3229 653 3277 ex
666 3205 748 3279 meis
760 3228 770 3277 t
782 3203 831 3277 iiii
841 3223 953 3275 aurata
965 3202 1049 3274 tetta

85 3313 121 3389 in
143 3315 231 3391 villis
241 3368 254 3407 ‚
273 3337 307 3392 et
322 3317 390 3391 sola
405 3339 594 3391 marmorea
605 3313 737 3389 facienti
749 3366 761 3403 ‚
772 3332 807 3388 et
825 3311 937 3409 igne,
955 3311 1050 3386 tabu-

84 3422 153 3513 las,
171 3422 475 3523 supellestilem,et
489 3423 614 3501 vestem
634 3423 762 3499 infinite
783 3420 1046 3519 concupiscenti,

83 3559 160 3609 non
178 3534 286 3609 modo
298 3536 340 3610 ad
353 3534 498 3612 sumtum
510 3535 566 3610 ille
582 3535 629 3609 esi
649 3536 797 3624 fruetus,
817 3533 874 3609 sed
891 3533 990 3609 etiam
1002 3535 1046 3608 ad

84 3644 234 3730 foenus,
253 3645 401 3746 exiguus.
421 3672 469 3723 ett⁴
482 3668 560 3718 tneo
582 3644 674 3717 tenui
692 3642 871 3745 vestigali',
892 3644 1046 3719 detractis

83 3753 271 3851 sumptibus
278 3756 482 3855 cupiditatis,
496 3753 620 3851 aliquid
631 3753 730 3828 etiam
743 3754 949 3831 redundabit.
960 3758 1045 3829 Uter

82 3865 186 3966 igitur
210 3866 257 3941 est
282 3868 412 3958 ditior,
438 3865 493 3940 cui
516 3865 633 3957 deest,
660 3892 702 3939 an
727 3867 781 3942 cui
801 3868 958 3966 superat?
984 3868 1045 3967 qui

81 3993 184 4075 eget,
204 4001 245 4050 an
270 3979 334 4076 qui·
349 3980 519 4052 abundat?
537 3979 631 4052 cuius
652 3976 804 4074 possesso
825 4003 897 4079 quo
913 3977 960 4052 est
972 4003 1044 4049 tna·

82 4088 163 4179 iot,
186 4112 231 4163 eo
255 4088 330 4185 plus
341 4088 480 4188 requirit
498 4088 544 4191 ati
567 4088 600 4162 se
619 4085 800 4178 tuendamt
824 4112 867 4163 an
883 4082 1045 4187 qtuesuie
