2340 4628
463 358 468 367 ι

143 386 146 395 ι

110 661 725 753 rnrcosororcocorr.
783 638 786 645 ’
833 666 920 764 317·

68 851 119 901 rus
133 848 168 901 er
190 826 355 923 sapimus,
375 825 514 898 mortale
534 841 568 899 et
587 827 747 899 caducum
771 824 841 917 est,
860 826 916 901 iu·

68 963 107 1010 m
126 937 246 1025 nobis,
261 935 436 1032 persimilis
452 934 642 1013 muneribus
657 936 917 1035 humaois„9c3
955 1014 960 1025 ,
1067 1022 1069 1027 ,

68 1070 211 1144 „neque
224 1043 394 1119 molestam
407 1040 920 1144 ειιίὶὶῐιᾶὶοινειιι,εῐιῃιείὶιῑιιίε4

68 1172 124 1226 ‚tae
138 1152 234 1226 forez
246 1174 303 1226 aut
313 1152 356 1244 fi,
368 1172 406 1228 ut
419 1151 560 1250 antiquis
571 1150 795 1250 phiosophic,
806 1154 920 1253 hisque
968 1194 971 1199 ·

68 1261 133 1351 ric,
146 1260 311 1359 longeqi're
325 1259 506 1332 clariffimis
519 1257 667 1355 placuit,
689 1275 839 1332 aeternos
851 1261 921 1333 ani·

82 1393 123 1442 rc
146 1367 280 1442 divinos
304 1367 489 1454 hrbemuu
516 1364 562 1441 fic
580 1364 832 1441 existimandum
853 1366 923 1462 est,
1060 1408 1063 1413 ·

68 1475 157 1575 orgis
168 1475 204 1548 hi
223 1472 346 1548 fuerint
358 1474 486 1572 semper
498 1473 535 1547 in
546 1472 660 1564 cursu,
681 1472 718 1545 id
733 1472 801 1560 est,
818 1472 854 1546 in
871 1497 923 1546 ra·

68 1605 103 1660 er
116 1584 330 1684 investigandi
343 1583 547 1681 cupiditate,
570 1601 604 1670 er
616 1607 687 1683 quo
698 1582 805 1657 minue
818 1584 851 1656 se
862 1582 924 1655 cd·
994 1614 1000 1620 ·

68 1693 157 1766 erint
169 1714 266 1791 atque
282 1691 507 1789 implicuerint
520 1691 697 1781 homimum
716 1688 805 1765 vitiis
824 1702 924 1789 atque

68 1800 157 1887 ibus,
173 1800 240 1874 hoc
258 1798 319 1872 illis
331 1798 514 1872 faciliorem
530 1798 717 1873 adscerisum
732 1802 768 1875 e't
780 1798 926 1879 militum

67 1909 153 1985 elum
172 1909 257 1983 fore.
281 1911 515 2007 Quapropter,
529 1910 754 2007 utaliquando
770 1908 926 1987 termine·
1015 1900 1018 1913 ⁸

68 2019 150 2095 ratio
159 2018 204 2108 ,fi
221 2040 277 2093 aut
295 2018 455 2118 exstingui
470 2021 645 2119 tranquille
660 2020 832 2111 volumus,
849 2045 927 2093 cum

88 2130 210 2205 artibus
224 2129 425 2220 vixerimus,
441 2147 497 2202 aut
509 2128 533 2199 fi
547 2154 589 2202 ex
601 2131 664 2205 hac
683 2131 716 2202 in
729 2130 825 2204 aliam
838 2128 927 2202 haud

68 2276 73 2307 ›
86 2242 256 2317 meliorem
269 2242 409 2313 domum
423 2239 489 2313 srne
504 2264 598 2313 mora
609 2241 807 2337 demigrare,
832 2241 868 2313 in
877 2239 928 2312 his

68 2353 192 2427 rnobis
203 2352 314 2426 omnis
328 2377 430 2450 opera
443 2375 476 2425 et
488 2376 567 2425 cura
579 2355 734 2448 ponenda
747 2352 805 2425 est.

185 2663 234 2731 M.
265 2660 429 2731 Turtrr
456 2656 716 2731 Grcrkorcrs

68 2793 262 2883 ‚CATO,
282 2795 400 2879 SEU,
420 2793 546 2865 LAUS
568 2796 617 2865 M.
644 2790 883 2869 CATONIS.

68 2935 112 2975 em
131 2910 291 2973 Uticensem
308 2909 413 2972 Tullius
432 2911 510 2972 coelo
528 2913 657 2994 aequavit
672 2933 708 2974 eo
727 2912 814 2989 libro,
829 2896 932 2995 quem,

68 3005 148 3068 'cribit
157 3008 184 3065 io
195 3003 315 3067 Oratore
326 3024 359 3087 35
367 3051 378 3076 ,
387 3027 526 3088 nunquam
535 3005 682 3089 arrigiffet,
696 3000 820 3090 tempora
834 3008 934 3069 rimone

68 3101 123 3161 oica
145 3100 237 3160 virtuti
251 3097 319 3173 ,nisr
330 3097 371 3161 M.
385 3099 471 3162 Bruto
483 3101 616 3171 hortanti,
635 3101 666 3161 &
686 3100 753 3160 illius
768 3105 933 3161 memoriam

68 3193 159 3263 iranri,
176 3211 231 3250 oon
252 3211 345 3272 parere
362 3189 438 3250 nefas
458 3188 511 3250 esse
527 3188 651 3251 duxisset.
674 3188 750 3249 Huic
762 3188 862 3252 Caesrr
875 3188 934 3251 Ca·
1026 3212 1031 3219 ·

68 3288 88 3346 is
106 3282 323 3355 inimicissimus,
340 3278 464 3363 rescripta
481 3283 619 3353 oratione,
636 3301 719 3362 qnam
738 3278 933 3345 Anticarorem

68 3380 180 3455 enavit,
200 3379 277 3440 velut
294 3377 366 3458 apud
384 3377 483 3436 iudices
496 3374 633 3456 responfflt
651 3395 714 3434 cum
737 3374 862 3445 maximis
878 3372 933 3436 ci-

68 3476 124 3537 mis
135 3475 272 3536 laudibus.
288 3471 357 3532 Vid.
372 3467 408 3530 cd
418 3467 503 3534 Amic.
516 3464 592 3541 ΧΠ,
602 3468 630 3543 4
642 3467 732 3542 8140.
750 3465 783 3527 ὅ(
791 3465 837 3528 lib.
850 3464 935 3545 XIII,

78 3565 113 3627 &
127 3565 161 3627 de
177 3565 248 3627 Div.
265 3562 309 3637 II,
326 3583 351 3644 3.

68 3690 149 3743 m.
174 3673 227 3740 lib.
253 3694 292 3765 ¹3·
319 3694 385 3760 cap.
414 3663 492 3760 ιθ.)
526 3664 697 3758 Pronepos
722 3662 771 3733 M.
798 3661 937 3737 Catonis

68 3803 157 3959 iiiii.
178 3890 231 3957 lib.
245 3887 279 3958 6.
294 3911 362 3979 cap.
376 3880 429 3981 2.)
453 3876 677 3977 contingebat
695 3876 730 3949 in
749 3900 817 3966 eo,
844 3881 939 3981 quod

68 4018 147 4095 sque
164 4002 287 4066 ‘contra
303 3993 405 4081 solet,
426 4008 464 4062 ut
482 3987 607 4062 maiora
626 3987 740 4061 omnia
753 4012 815 4081 re,
839 4016 940 4090 quam

86 4103 311 4197 viderentur,
328 4103 364 4176 id
379 4101 472 4204 quod
486 4122 556 4175 non
567 4097 659 4197 saepe
676 4100 807 4191 evenit,
831 4120 869 4174 ur
881 4125 941 4174 ex·
