2340 4628
170 636 273 737 na*
412 656 908 738 ne'orrrcrrs
1085 736 1094 753 ,

164 822 351 899 membrum
378 822 616 901 sensumliunc
639 823 796 910 haberet,
819 839 856 895 ut
879 818 975 919 poll'e
994 772 1134 919 putaret

84 966 87 971 ·
163 932 196 1006 se
217 932 383 1022 valere,fi
397 934 541 1032 proximi
554 933 697 1008 membri
715 932 941 1007 valetudinem
955 931 999 1006 ad
1012 930 1048 1004 se
1059 952 1131 1006 tra·

163 1043 325 1133 duxissem
337 1044 518 1129 debilitari,
534 1061 568 1117 et
588 1043 723 1116 interire
737 1056 847 1116 totum
863 1065 991 1140 corpus
1011 1041 1131 1117 neces·

147 1154 314 1229 rseeffetr
331 1155 396 1242 fic,
418 1156 442 1227 sr
472 1153 695 1251 unusquisque
719 1152 867 1227 nostrum
889 1153 996 1252 rapiat
1021 1155 1067 1227 ad
1091 1157 1129 1228 {e

164 1263 346 1339 commoda
359 1264 499 1337 aliorum
506 1264 748 1365 ‚detrahatque
761 1263 854 1361 qnod
872 1264 997 1361 cuique
1009 1261 1127 1360 potiit

162 1371 378 1444 emolumenti
391 1372 438 1446 sui
452 1372 956 1471 gratia;socreflhom1numer
969 1396 1129 1465 commu-

162 1480 246 1554 nitas
254 1481 555 1556 evertaturneceffe
568 1481 624 1559 etl.
636 1506 711 1552 narn
719 1481 796 1570 ,frui
809 1501 846 1553 ut
859 1481 1001 1580 quisque
1014 1480 1128 1604 malit,

162 1592 257 1691 quod
270 1594 311 1664 ad
324 1593 462 1665 usum
431 1612 518 1665 vitae
532 1591 704 1689 pertineat,
717 1615 815 1688 quam
827 1589 918 1662 alteri
920 1612 1128 1688 ,acepit-ere⁵

162 1700 353 1775 concellum
371 1698 442 1790 est,
460 1725 529 1773 non
542 1716 745 1800 repugnante
763 1717 895 1771 natura:
913 1698 1128 1774 illuduamta

162 1830 232 1881 non
246 1810 388 1907 patitur,
400 1831 437 1882 ur
447 1809 588 1882 aliorum
602 1807 713 1906 spolns
725 1807 850 1881 nostras
861 1806 1051 1900 fautorem
1063 1832 1126 1884 co-

112 1939 143 1994 ⁸2
162 1916 244 2014 pias,
255 1942 338 2048 opes
353 1943 539 2043 augeamus
555 1918 672 2016 Neque
686 1941 771 1990 vero
785 1917 851 1989 hoc
862 1917 972 1991 solum
983 1935 1125 2015 natura,

160 2032 195 2105 id
214 2030 303 2122 eu,
294 2058 365 2105 rure
385 2030 553 2128 gentium,
566 2030 621 2103 sed
642 2029 741 2102 etiam
760 2028 884 2128 legibus
902 2029 1124 2154 populorum,

160 2086 303 2240 quibus
293 2166 327 2213 m
342 2138 473 2238 singulis
491 2138 680 2211 civitatibus
701 2139 882 2236 respublica
902 2139 1125 2229 continetur,

33 2320 38 2335 ‚
159 2250 281 2324 eodem
295 2251 401 2321 modo
414 2247 630 2321 constiturum
643 2248 708 2340 est,
720 2269 757 2323 ut
770 2274 840 2323 non
853 2249 951 2324 liceat
964 2249 1012 2323 lui
1026 2274 1123 2326 com·

158 2363 255 2439 modi
271 2361 364 2438 causa
385 2387 508 2436 nocere
531 2363 631 2435 alteri.
653 2363 721 2438 hoc
740 2363 830 2437 enim
848 2363 993 2460 spellam
1009 2365 1098 2462 leger
1109 2381 1139 2455 ,'

157 2472 226 2546 boc
240 2473 379 2562 volunt,
392 2471 594 2547 incolumem
609 2472 673 2544 elle
686 2472 810 2547 civium
829 2471 1121 2563 coniunclionem3

158 2607 258 2682 quam
281 2583 341 2681 qui
369 2583 549 2671 dirimunt,
569 2607 629 2655 eos
653 2599 781 2672 morte,
794 2582 933 2669 exsilio,
945 2583 1122 2671 vinculis,

156 2692 282 2765 damno
298 2710 465 2765 coercent.
485 2709 583 2787 atque
605 2692 672 2763 hoc
690 2693 796 2765 multo
811 2692 1033 2790 magisexigir
1053 2692 1122 2793 ipsa

156 2814 292 2872 naturae
307 2797 418 2870 ratio
403 2823 514 2896 ‚quae
532 2797 579 2869 est
600 2799 654 2869 lex
674 2799 810 2886 divina,
830 2817 864 2873 et
887 2799 1050 2886 humanam
1064 2799 1120 2875 cui

52 2904 61 2931 ⁸
155 2932 271 3017 parere
293 2933 350 3005 qur
340 2907 453 2980 velit
463 2908 644 3006 ,(omnes
667 2928 774 2987 autem
797 2909 979 3007 parebunt,
990 2936 1051 3009 qur
1040 2910 1121 2984 se·

154 3008 300 3089 cundum
313 3039 463 3092 naturam
476 3018 640 3092 volent
608 3045 723 3095 vivere
726 3019 944 3119 ‚)nunquam
957 3022 1120 3096 commit·

152 3141 222 3214 tet,
235 3144 272 3198 ut
289 3124 431 3199 alienum
452 3145 604 3223 appetat,
617 3151 651 3201 er
670 3128 702 3202 id
713 3130 833 3228 ‚quod
850 3129 945 3203 alteri
963 3131 1120 3205 detruc-

103 3259 135 3312 κ
151 3233 215 3323 rit,
230 3234 289 3308 fibi
310 3234 456 3331 assumat.
475 3232 607 3313 E'tenim
631 3239 738 3311 multo
758 3239 859 3337 magis
875 3237 923 3339 est
935 3237 1117 3314 fecundum

150 3365 299 3423 naturam
326 3348 491 3426 excelfitas
519 3352 644 3438 animi,
669 3370 701 3425 er
729 3351 947 3448 magnitudo;
967 3350 1117 3451 itemque

149 3459 311 3542 comitas,
329 3458 449 3533 iustitia
462 3515 474 3551 ,
488 3461 683 3550 liberalitas,
696 3485 795 3558 quam
815 3460 998 3557 voluptas,
1010 3485 1121 3560 quam.

149 3565 238 3654 vita,
258 3593 357 3664 quam
387 3571 545 3644 diuitiaer
570 3596 653 3669 quae
676 3571 810 3669 quidem
831 3589 1120 3660 contemnerem

147 3696 213 3769 pro
226 3674 332 3745 nihilo
352 3679 493 3767 ducere,
508 3695 754 3775 comparantem
768 3703 845 3780 cum
859 3678 1002 3753 utilitate
1017 3702 1116 3753 com·

147 3783 262 3872 muni,
281 3787 390 3882 magni
406 3789 508 3860 animi
529 3807 564 3862 et
585 3789 704 3864 excelsi
724 3790 794 3863 est:
810 3792 983 3867 deuahere
1001 3816 1115 3868 aurem

145 3892 238 3966 alteri
256 3894 302 3966 sui
314 3898 486 3969 commodi
499 3900 591 3973 causa
604 3955 614 3987 ,
629 3902 731 4000 magis
742 3902 790 3977 est
802 3921 922 3976 contra
937 3925 1088 3977 naturam
1101 3932 1121 3997 ,·

143 4023 245 4096 quam
260 4025 369 4092 mors,
381 4028 480 4101 quam
496 4006 617 4099 dolor,
632 4032 731 4105 quam
747 4028 856 4083 cetera
873 4011 1015 4108 generis
1027 4013 1116 4088 eius-
1155 4079 1157 4082 ,

94 4130 125 4187 u
144 4110 230 4197 dem.
250 4114 416 4215 Itemque,
439 4117 543 4217 magis
565 4118 611 4192 cll
638 4118 815 4195 secundum
837 4142 1016 4218 namnam,
1039 4147 1108 4225 pro
