2340 4628
27 39 65 145 l-
95 40 112 133 l

323 71 384 118 nec
411 45 491 140 quid
517 47 677 141 loquare?
706 41 832 122 neseis,
864 39 1010 110 exsilium
1037 41 1160 114 sceleru

324 164 486 254 poenam?
506 181 615 225 meum
633 156 711 225 illud
726 155 787 224 iter
800 154 846 223 ob
861 151 1125 247 praeclarissimas
1141 180 1170 221 ra

319 267 497 364 gellasesle
508 264 717 359 susceptum?
741 266 870 335 Omnes
885 262 1030 334 scelerati
1054 281 1153 359 atque

322 398 468 472 quorum
487 389 523 444 tu
537 393 570 444 te
582 372 699 444 ducem
719 369 786 443 elle
800 367 986 464 profiteris.
999 392 1088 466 quos
1103 372 1156 468 leg

321 474 372 555 lio
388 481 474 555 affici
494 482 634 570 volunt,
657 479 782 554 exsules
800 480 897 570 sunt,
920 478 1019 551 etiam
1047 476 1162 552 sisolu

325 608 501 667 mutarunt.
528 618 570 690 un
588 616 665 665 cum
682 596 800 665 omnes
822 590 909 689 leges
924 607 957 663 te
979 589 1125 666 exsulem
1145 618 1164 666 e

325 700 446 791 beant,
458 723 527 771 non
540 699 606 772 eris
619 720 654 772 tu
666 697 785 772 exsuli·
804 699 897 771 Num
920 698 1104 796 appellatur
1123 699 1133 716 '
1159 700 1168 716 ⁹

325 809 478 910 quicum
501 808 569 882 telo
591 805 711 883 suerit?
738 826 813 880 ante
836 805 984 879 senatum
1008 828 1064 880 tua
1082 808 1147 880 sica

324 918 424 993 hensa
447 916 503 991 est.
531 915 775 1014 quihominem
792 915 982 990 occiderit?
1004 937 1040 991 tu
1054 917 1142 1015 pluri

325 1027 442 1104 cidisti.
467 1025 524 1125 qui
550 1025 743 1123 incendium
769 1023 909 1096 fecerit?
933 1025 1029 1098 aedes
1055 1029 1167 1126 Nym·

328 1161 430 1209 manu
448 1157 506 1209 tua
526 1132 732 1231 deflagravit.
760 1133 818 1230 qui
841 1133 963 1229 templa
989 1157 1165 1231 occupave

325 1243 406 1318 soro
436 1243 537 1319 castra
565 1241 709 1339 posuisti.
744 1241 808 1314 Sed
833 1241 914 1339 quid
934 1265 999 1339 ego
1024 1266 1139 1316 comm

325 1336 383 1451 ges
404 1352 561 1450 profero,
574 1352 693 1449 quibus
712 1351 867 1424 omnibus
888 1376 923 1424 es
938 1352 1052 1425 exsul?
1067 1355 1170 1427 Fami

326 1481 400 1530 mus
417 1477 492 1531 tuus
505 1459 547 1529 de
564 1478 597 1529 te
622 1457 834 1555 privilegium
861 1459 1059 1550 tulit,ut,fi
1077 1460 1113 1533 in
1137 1488 1162 1535 o

326 1568 440 1640 Bonae
454 1567 548 1638 Deae
566 1566 758 1655 accessisses,
778 1568 951 1643 exsulares.
976 1574 1021 1644 lt
1034 1592 1068 1646 te
1090 1572 1126 1647 id

325 1674 425 1750 etiam
446 1672 581 1773 gloriari
603 1672 697 1746 soles.
719 1675 910 1767 Quomodo
924 1676 1023 1774 igitur
1045 1695 1098 1753 tot
1110 1680 1165 1779 leg

205 1876 210 1885 .
327 1785 474 1859 exsilium
495 1782 635 1870 eieuus,
656 1807 780 1856 nomen
802 1784 924 1858 exsulis
941 1811 1011 1859 non
1039 1789 1153 1885 pethe,

327 1895 457 1968 Romae
467 1882 559 1985 su'm,
573 1891 693 1991 inquis.
711 1912 745 1968 et
757 1896 892 1994 quidem
906 1896 942 1971 in
954 1915 1076 1994 operto
1090 1897 1111 1969 f
1131 1898 1138 1914 '

324 2003 426 2102 igitur
446 2005 504 2079 ubi
522 2004 660 2105 quisque
675 2006 759 2096 erit,
774 2006 846 2088 eius
866 2005 937 2080 loci
961 2005 1011 2082 ius
1033 2008 1162 2084 tenebit

326 2141 403 2180 eum
417 2117 547 2180 leuibus
566 2114 632 2180 elle
647 2140 717 2180 non
736 2115 917 2180 onorselsit.
