2340 4628
80 39 462 311 n

1005 398 1011 417 Ι

155 586 245 693 134‘
421 595 512 668 ue
560 592 916 666 orrrcrrs

148 754 314 857 quidquid
333 755 492 839 reticeasr
514 756 570 828 sed
590 780 667 828 curn
679 755 800 853 ‚qrrod
818 773 855 829 tu
879 754 984 845 scias,
1005 751 1045 829 id
1064 752 1117 854 igi

150 891 271 939 norare
301 864 519 939 emolumenti
546 864 593 936 tui
628 864 724 937 causa
752 865 836 938 velis
859 889 943 956 eos,
965 889 1115 965 quorum

150 977 273 1052 interfit
289 976 325 1049 id
340 976 430 1050 scire.
456 976 534 1047 Hoc
546 994 656 1048 autem
675 974 801 1047 celandi
822 1000 925 1074 genus
941 976 1045 1075 quale
1057 975 1118 1060 sit,

149 1110 184 1161 et
203 1087 297 1160 cuius
310 1086 477 1167 hominis,
494 1084 568 1183 quis
581 1108 650 1154 non
662 1083 780 1155 videt?
794 1105 886 1157 certe
895 1108 967 1156 non
979 1082 1114 1182 aperti,

150 1220 220 1269 non
234 1197 405 1295 simplicis,
411 1222 481 1269 non
494 1193 647 1292 ingenui,
661 1217 730 1265 nort
744 1192 831 1282 iusti,
845 1216 917 1264 non
927 1192 995 1267 vin
984 1178 1126 1278 bonis

148 1305 272 1380 versuti
292 1307 430 1404 potius,
456 1303 608 1390 obscuri,
629 1301 748 1392 astuti,
768 1301 914 1388 fallacis,
937 1299 1113 1387 malitiosi,

149 1415 282 1505 callidi,
296 1415 507 1504 veteratoris,
531 1410 630 1487 vafri.
660 1412 744 1485 haec
765 1431 843 1501 tot,
858 1432 894 1486 et
914 1413 978 1485 alia
998 1413 1113 1511 plura,

151 1549 264 1599 nonne
276 1525 391 1599 inutile
409 1524 454 1598 esi
470 1526 630 1597 vitiorum
643 1523 749 1600 subire
763 1523 926 1597 nomina?

93 1648 138 1718 ¹4
200 1635 342 1729 Quodsi
363 1633 575 1733 vituperandi
596 1634 691 1725 sunt,
711 1632 772 1733 qui
793 1634 998 1708 reticuerunt
1012 1660 1023 1704 z
1036 1631 1114 1732 quid

107 1760 137 1825 ιι
152 1745 194 1819 de
216 1743 256 1817 iis
270 1743 519 1816 existimandum
533 1742 598 1834 est,
609 1745 668 1842 qui
684 1743 847 1817 orationis
862 1743 1043 1816 vanitatem
1056 1742 1114 1815 ad·

152 1853 355 1925 hibuerunt?
371 1853 411 1924 C.
426 1853 569 1941 Canius,
583 1869 684 1951 eques
700 1855 896 1935 Romanus,
914 1875 979 1924 uec
995 1849 1114 1924 inface-

152 1981 228 2052 tus,
242 1986 274 2037 et
289 1963 363 2038 satis
381 1966 552 2045 literatus,
567 1991 643 2037 cum
667 1963 698 2037 se
710 1953 890 2062 Syracusas
901 1961 1039 2048 ,otiandi
1051 1960 1069 2061 (
1081 1977 1116 2034 ut

154 2072 223 2168 ipse
245 2073 355 2147 dicere
379 2072 535 2171 solebat)
550 2098 619 2146 non
646 2074 836 2173 negotiandi
860 2072 980 2162 causa,
1000 2091 1116 2146 contu·

153 2183 260 2274 lister,
286 2185 471 2274 distitabat,
492 2187 523 2260 se
548 2186 700 2261 hortulos
726 2185 855 2282 aliquos
877 2184 964 2258 velle
990 2208 1116 2274 emere,

154 2320 224 2393 quo
242 2296 381 2370 invitare
401 2296 543 2386 amicos,
557 2316 590 2370 et
612 2297 670 2368 ubi
688 2296 720 2368 se
741 2297 903 2367 oblectare
923 2295 991 2368 sine
1015 2296 1117 2367 inter·

155 2407 370 2504 pellatoribus
383 2402 501 2505 posset.
512 2409 607 2506 quod
621 2434 697 2481 curn
710 2405 968 2504 percrebuisset,
978 2409 1117 2506 Pythius

156 2517 188 2590 ei
203 2521 360 2615 (puidam,
377 2520 436 2618 qui
450 2521 666 2619 argentariam
681 2518 803 2591 saceret
816 2516 1004 2615 Syracusis,
1017 2517 1117 2604 dixit,

158 2629 291 2700 venales
307 2629 441 2725 quidem
463 2632 494 2702 se
505 2631 630 2711 ⁴hortos
643 2652 711 2700 non
724 2626 867 2712 habere,
883 2627 937 2698 sed
956 2626 1055 2700 licere
1068 2626 1117 2699 uti

156 2733 323 2818 Canio,fi
344 2735 462 2825 vellet,
476 2734 512 2808 rit
531 2736 593 2808 suis
607 2755 662 2822 ;et
677 2735 771 2808 simul
785 2736 825 2807 ad
845 2760 985 2808 coenam
1003 2736 1118 2809 homi·

157 2864 233 2911 nem
254 2841 290 2911 in
311 2841 427 2915 hortos
444 2842 598 2916 invitavit
619 2843 654 2914 in
669 2842 837 2940 posterum
857 2841 958 2915 diem.
973 2868 1050 2915 cum
1064 2844 1117 2915 ille

158 2946 372 3047 promisisset,
384 2970 454 3026 tum
473 2953 632 3051 Pythius,
646 2979 703 3051 qur
693 2954 816 3038 stesset
831 2972 869 3028 ut
893 2954 1118 3051 argentarius,

158 3062 247 3159 apud
261 3085 379 3135 omnes
399 3061 531 3136 ordines
549 3063 731 3162 gratiosus,
747 3063 924 3159 piscatores
938 3062 1028 3136 adse
1041 3087 1118 3135 con

158 3172 316 3263 vocavit,
313 3149 406 3247 etab
417 3173 608 3270 hupetrvrt
619 3192 656 3247 ιιι
667 3191 749 3247 ante
752 3174 828 3247 suos
840 3173 992 3246 hortulos
1006 3171 1118 3269 positi·

158 3284 212 3358 die
228 3283 445 3381 piscarentur,
460 3284 627 3382 dixitque,
642 3285 723 3382 quid
736 3309 797 3358 eos
811 3283 917 3356 facere
930 3283 1044 3355 vellet.
1067 3281 1118 3354 Ad

158 3416 296 3468 coenam
311 3413 463 3494 tempore
476 3394 569 3470 venit
580 3394 720 3468 Canius.
736 3395 905 3492 opiparea
921 3394 1049 3490 Pythio
1063 3418 1120 3490 ap·

159 3525 308 3599 paratum
335 3508 556 3585 convivium:
572 3509 769 3605 cymbarum
793 3527 869 3580 ante
889 3507 1011 3579 oculos
1035 3507 1118 3578 mul·

159 3607 288 3684 titudo:
302 3638 366 3710 pro
379 3616 410 3688 se
424 3617 497 3712 quis
521 3642 562 3690 ue
575 3617 669 3713 quod
685 3635 836 3713 ceperat,
852 3614 1009 3690 afferebat
1021 3643 1032 3689 t
1045 3633 1116 3689 ante

112 3757 142 3808 ,ᾳ
159 3717 260 3815 pedes
292 3720 404 3817 Pythii
438 3642 542 3818 piscis
568 3724 812 3798 abiiciebantur.
846 3726 937 3796 Tum
971 3726 1119 3813 Canius,

160 3827 309 3920 Quaeso,
321 3828 446 3925 inquit,
459 3831 541 3928 quid
561 3833 607 3906 est
625 3835 709 3923 hoc,
725 3835 848 3934 Pythii
864 3856 1041 3907 tantumne
1052 3833 1116 3932 pis·

161 3937 275 4011 cium?
295 3954 464 4012 tantumne
476 3942 674 4038 cymbarum
689 3944 704 4017 Ρ
719 3948 760 4017 Ει
778 3946 853 4029 ille,
867 3942 961 4037 Quid
976 3941 1118 4017 mirum?

161 4044 361 4144 inquir,hoc
378 4046 459 4123 loco
472 4047 518 4124 esi
527 4102 538 4141 ,
551 4053 718 4151 Syramsrs
731 4054 897 4155 quidquid
908 4051 955 4128 esi
963 4053 1121 4152 piscium:
