2340 4628
147 396 165 421 ο
769 382 774 391 .

241 698 256 731 .
303 658 387 735 na
421 650 803 739 sauacruxu
980 654 1050 765 a„

71 838 167 911 narr,
191 844 283 899 crant
309 820 399 895 inter
417 820 502 897 duos
521 820 709 895 constdatus
719 818 801 895 anni
814 820 930 895 decem
946 819 1054 897 inter·

78 928 276 1021 haim,
302 926 495 1031 censorque
509 954 587 1007 ante
614 930 820 1006 consulatum
846 932 1051 1031 superiorem

83 1038 199 1119 fiid'et.
224 1046 284 1117 Ex
304 1064 377 1141 quo
397 1040 611 1141 intelligitur,
636 1042 761 1141 Pyrrhi
781 1040 871 1116 bello
892 1043 1051 1141 grandem

86 1152 158 1231 sne
170 1154 298 1242 suiss'e3
311 1173 347 1228 et
364 1174 477 1229 tamen
487 1154 533 1229 src
544 1162 566 1226 a'
576 1154 939 1252 patribusaccepimus.
959 1150 1052 1229 Nihil
1069 1168 1101 1231 ¹7

88 1260 185 1359 iginn
197 1260 364 1350 afferunt,
381 1261 493 1361 quiin
510 1286 549 1335 re
562 1262 706 1359 gerenda
716 1262 839 1339 versari
855 1261 1053 1337 senectutem

88 1390 235 1471 negant,
250 1368 436 1471 smilesque
448 1372 522 1447 sunt
532 1372 593 1461 iis,
605 1373 665 1471 qui
679 1373 986 1472 gubernatoremin
999 1398 1055 1445 na·

88 1478 349 1577 vigendongere
359 1480 440 1553 nihil
452 1479 582 1573 dicant,
594 1505 672 1555 cum
691 1479 747 1553 alii
768 1480 874 1553 malos
885 1480 1051 1568 scandant,

85 1588 141 1661 alii
157 1612 223 1686 per
238 1586 334 1663 foros
353 1586 569 1681 cursent‚alii
586 1586 746 1666 sentinam
761 1588 956 1663 exhauriant
969 1614 982 1678 ;
996 1590 1052 1663 ille

88 1714 196 1769 antem
218 1695 353 1771 clavum
374 1716 492 1773 tenent
514 1698 619 1773 sedeat
632 1699 667 1771 in
685 1696 791 1797 puppi
813 1698 955 1797 qttietrrs.
979 1722 1053 1787 non
1125 1748 1131 1755 -

88 1802 184 1879 faciat
203 1826 266 1896 ea,
286 1828 372 1905 quae
396 1806 557 1882 iuvenes:
583 1826 617 1881 at
637 1829 721 1881 vero
737 1796 993 1905 mutonaiora'
1014 1822 1052 1907 et

88 1914 231 1987 meliora
242 1910 335 1989 facit.
346 1916 429 1989 Non
442 1910 1051 2007 viribus,autveloci'tatibus,autce·
1111 1966 1116 1973 -

88 2020 217 2097 lenitate
227 2044 412 2121 corporum
424 2050 477 2099 ren
488 2050 626 2125 magnae
643 2046 821 2123 geruntura
833 2024 888 2099 sed
896 2022 1050 2112 consilio,

87 2130 299 2229 eustorium,
312 2130 469 2207 sententia
483 2156 494 2202 a
508 2132 629 2231 quibus
642 2158 712 2207 non
724 2133 829 2206 modo
841 2156 912 2205 non
923 2132 1050 2222 orbari,

90 2236 142 2311 sed
154 2237 255 2311 etiam
268 2241 380 2338 augeri
395 2239 542 2314 senellus
560 2240 651 2313 solet.
669 2240 738 2312 Nili
757 2240 844 2314 sorte
856 2264 921 2338 ego
937 2240 1050 2331 vobis,
1067 2245 1097 2303 ι*
1142 2276 1157 2309 t

89 2344 146 2443 qui
155 2361 189 2417 et
199 2343 311 2432 milet,
322 2347 523 2434 ettribunus,
534 2364 567 2418 et
579 2346 714 2443 legatus,
727 2365 760 2419 et
772 2348 888 2421 consul
903 2347 1050 2424 versatus

88 2455 156 2528 sum
171 2455 209 2528 in
220 2454 318 2530 vario
330 2480 449 2553 genere
469 2455 652 2545 bellorum,
666 2456 788 2530 cessare
804 2485 892 2531 nunc
903 2459 1048 2549 videor,

88 2588 163 2639 cum
176 2559 262 2639 b'ella
277 2590 349 2640 non
368 2589 461 2666 gero.
484 2571 529 2637 At
546 2563 686 2650 senatui,
700 2590 785 2662 quae
804 2567 878 2639 sunt
894 2568 1051 2665 gerenda,

88 2672 298 2770 praescribo,
310 2694 344 2746 et
355 2673 554 2771 quomodo:
566 2670 786 2769 Carthagini,
808 2674 892 2746 male
907 2673 971 2745 iam
992 2672 1052 2745 diu

87 2784 263 2883 cogitanti,
284 2785 407 2860 bellum
426 2784 533 2857 multo
552 2802 629 2856 ante
652 2782 836 2873 denuntio,
857 2786 898 2859 de
912 2809 977 2883 qua
988 2808 1050 2858 ve·

89 2895 149 2967 teri
168 2916 240 2966 non
251 2910 327 2966 ante
340 2891 506 2981 desinam,
518 2915 617 2990 quam
632 2892 721 2964 illam
737 2893 877 2966 excisam
891 2888 1049 2991 elle'cog·

89 3028 228 3077 mucro.
249 3005 363 3095 Quam
381 3000 523 3099 palmam
544 3000 672 3075 utinam
692 3003 739 3075 dii
755 3002 962 3076 immortales
973 3001 1047 3089 tibi,
1069 3013 1098 3063 ¹9

88 3114 220 3211 Scipio,
235 3114 423 3207 reservent,
435 3129 472 3185 ut
484 3111 538 3189 avi
551 3113 703 3210 reliquias
717 3095 931 3210 persequare!
953 3110 1048 3183 cuius

88 3246 226 3298 amorre
249 3224 305 3300 hic
325 3224 440 3303 tertius
451 3241 486 3297 et
498 3221 677 3297 tricefimus
688 3222 735 3294 est
747 3246 848 3293 annus
865 3246 874 3293 t
899 3217 954 3290 sed
972 3240 1047 3287 me·

88 3332 225 3403 moriam
240 3332 328 3405 illius
337 3332 402 3406 viri
423 3330 588 3428 excipient
611 3354 727 3403 omnes
741 3331 818 3401 anni
840 3324 1047 3421 consequen-⁸

88 3459 141 3515 tes
167 3450 273 3516 Anno
290 3459 365 3514 ante
388 3466 443 3515 me
460 3440 629 3514 censorem
652 3459 805 3511 mortuus
824 3434 892 3523 ell,
918 3458 1045 3509 novem
1144 3510 1148 3519 .

88 3554 176 3625 annis
195 3552 271 3650 poll
296 3576 409 3626 meum
430 3550 653 3635 consulatum,
673 3574 750 3622 cum
771 3542 885 3621 consul
899 3544 1043 3637 iterum,

89 3687 140 3735 me
150 3664 306 3753 consule,
320 3682 446 3737 creatus
458 3656 548 3735 ellet.
569 3662 660 3733 Num
680 3657 845 3757 igitur‚sr
868 3657 909 3729 ad
931 3681 1044 3731 cente-

89 3772 201 3846 fimum
226 3796 351 3845 annum
373 3772 520 3859 vixisset,
542 3770 712 3845 senestutis
733 3780 810 3841 etlm
830 3769 905 3841 suae
920 3769 1043 3864 poeni-

89 3884 194 3957 teret?
210 3908 275 3957 nec
296 3884 386 3956 enim
408 3881 622 3971 excursione,
637 3904 697 3952 nec
719 3878 815 3964 saltu,
830 3864 1045 3952 nee'eminus

89 3990 203 4081 hallis,
229 4013 289 4065 aut
314 3990 465 4065 cominus
485 3989 599 4087 gladiis
620 4006 784 4073 uterenu3
800 3986 855 4060 sed
870 3984 1045 4074 consilio,

89 4106 228 4195 ratione,
249 4102 418 4183 sententia.
452 4128 537 4202 quae
558 4100 617 4176 nifi
638 4098 738 4175 client
757 4099 793 4173 in
810 4096 956 4182 lenibus,
975 4119 1046 4168 non
