2340 4628
178 612 243 701 176
424 608 927 685 crrourror
1019 668 1024 677 .

129 766 151 843 8
172 768 308 865 posteris
321 770 472 867 prodere.
496 772 614 843 Melius
627 770 793 845 Caecilius
814 772 856 846 de
871 772 951 847 seue
969 768 1065 847 alteri
1082 768 1125 845 se·

170 878 248 950 culo
262 874 504 975 prospiciente,
517 904 617 977 quam
629 880 710 987 illud
723 905 736 954 r

242 1028 385 1117 Ardepol
393 1076 404 1111 ,
412 1023 552 1117 senellus
565 1076 575 1110 ,
580 1023 618 1121 st
627 1025 712 1092 nihil
725 1024 896 1119 quidquam
908 1026 1001 1096 alud
1011 1022 1082 1095 vitii

240 1138 398 1226 Apportcs
412 1156 508 1203 tecum
519 1184 532 1216 ,
542 1160 610 1202 cum
624 1136 755 1202 aduenis
766 1160 782 1217 ,·
797 1158 896 1204 unum
920 1135 959 1203 id
968 1133 1027 1225 fat
1040 1132 1098 1233 est,

242 1244 340 1337 Quod
349 1245 406 1312 diu
416 1243 569 1329 vivendo,
584 1245 700 1329 multa,
713 1262 791 1332 quae
801 1266 868 1311 non
883 1246 974 1329 rute,
985 1243 1076 1313 ridet.

165 1370 318 1443 Etmulta
334 1368 464 1443 fortaffe
478 1423 489 1458 ,
503 1393 587 1466 quae
601 1370 693 1441 uult:
720 1392 821 1467 arque
839 1371 875 1442 in
896 1394 937 1443 ea
958 1370 1116 1470 quidem,

84 1554 90 1569 ,
165 1505 249 1576 quae
273 1503 342 1551 non
373 1481 465 1562 vult,
489 1479 582 1574 saepe
611 1479 711 1551 etiam
732 1478 953 1553 adolescentia
979 1478 1117 1554 incurrit.

166 1589 249 1661 Illud
262 1611 347 1659 vero
362 1586 448 1658 idem
468 1587 632 1662 Caecilius
650 1586 824 1661 vitiosius:

241 1728 322 1794 Tum
332 1729 467 1818 equidem
480 1728 515 1795 iu
521 1724 646 1816 finecla
656 1726 711 1795 loc
723 1728 834 1817 deputo
841 1720 1068 1815 mifirrimum,

237 1836 356 1904 Seutirc
380 1860 421 1903 ca·
435 1857 532 1902 aetate
553 1831 609 1930 effe
625 1834 661 1925 se
680 1833 819 1924 odiostcm
845 1835 945 1906 alteri.

114 1977 148 2027 26
168 1966 348 2061 lucupdum
361 1965 486 2061 potius,
499 1989 599 2061 quam
614 1963 780 2053 odiosum.
791 1982 828 2033 ut
839 1962 1119 2037 enimadolescew

164 2070 250 2147 tibus
264 2076 352 2148 bona
367 2075 479 2147 indole
495 2073 651 2170 praeditis
673 2071 831 2169 sapientes
849 2071 942 2145 senes
961 2072 1119 2145 delectat·

163 2203 236 2274 tur,
256 2186 432 2283 leviorque
454 2184 492 2258 srt
513 2210 630 2257 eorum
649 2183 813 2269 senectus,
826 2184 884 2280 qui
909 2208 930 2254 a
951 2183 1119 2257 iuventute

162 2295 315 2366 coluntur
330 2319 364 2369 et
384 2294 582 2392 diliguntur3
597 2294 640 2366 sic
664 2293 884 2367 adolescentes
901 2293 1017 2367 senum
1031 2319 1119 2392 prae·

163 2403 265 2498 ceptis
287 2404 453 2501 gaudent,
476 2404 596 2500 quibus
619 2403 661 2474 ad
682 2403 843 2476 uirtutum
865 2401 971 2475 studia
997 2404 1120 2475 ducun-

161 2528 223 2584 tur.
244 2514 428 2586 necminus
443 2514 595 2610 intelligo
612 2537 666 2585 me
688 2511 809 2605 voltis,
822 2537 922 2610 quam
951 2536 1019 2587 vos
1042 2510 1120 2583 mihi

161 2622 225 2696 elle
238 2625 411 2696 iucundos.
436 2624 499 2693 Sed
518 2622 657 2711 videtis,
683 2644 720 2694 ut
748 2622 895 2697 senectus
919 2648 992 2694 non
1021 2620 1121 2694 modo

159 2729 311 2823 languida
333 2753 431 2825 arque
451 2728 538 2800 iners
554 2754 622 2800 uon
643 2730 701 2818 sut,
722 2754 838 2801 verum
859 2730 960 2803 etiarn
979 2729 1018 2802 srt
1042 2753 1119 2825 ope·

161 2836 248 2921 rosa,
263 2853 296 2905 et
307 2835 434 2929 semper
447 2861 545 2931 agens
559 2838 681 2933 aliquid
696 2855 728 2909 et
739 2837 897 2922 moliens;
910 2838 974 2911 tale
988 2838 1119 2923 scilicet,

162 2947 256 3041 quale
270 2944 426 3040 cuiusque
443 2943 585 3015 studium
600 2946 635 3015 in
648 2947 814 3042 superiore
832 2950 898 3021 vita
912 2948 985 3023 fuit.
1011 2948 1119 3043 Quid,

158 3052 366 3151 quodetiam
388 3051 557 3124 addiscunt
581 3052 706 3149 aliquid
721 3063 734 3127 ἓ
749 3074 784 3129 ut
796 3057 958 3130 Solonem
972 3056 1117 3129 versibus

158 3164 355 3263 gloriantem
367 3163 530 3251 videmus,
541 3162 643 3261 qui'se
657 3167 809 3261 quotidie
824 3165 949 3263 aliquid
960 3165 1118 3240 addiscen·

161 3296 247 3364 tem,
261 3275 369 3348 senem
384 3271 457 3346 fieri
470 3272 571 3358 dicit,
591 3294 627 3346 ut
639 3298 703 3371 ego
717 3272 803 3361 scci,
820 3273 876 3369 qui
891 3276 1036 3347 Graecas
1048 3272 1121 3351 lite·¹

76 3415 81 3425 ·
158 3405 210 3455 ras
223 3387 319 3457 senex
332 3385 453 3457 didici:
468 3410 549 3481 quas
558 3385 691 3481 quidem
706 3383 749 3454 fic
766 3384 864 3455 avide
878 3380 1016 3477 arripui,
1032 3374 1118 3477 quast

159 3495 346 3570 diuturnam
361 3498 444 3570 fitim
460 3497 588 3593 explere
602 3496 749 3593 cupiens,
763 3514 799 3567 ut
810 3520 850 3564 ea
866 3493 934 3590 ipsu
947 3493 1029 3563 mihi
1042 3514 1117 3563 nora

158 3602 272 3691 essent,
288 3608 405 3702 quibus
434 3634 487 3681 me
510 3632 596 3678 nunc
617 3607 776 3702 exemplis
803 3603 853 3675 uti
877 3602 1008 3675 videtis.
1029 3602 1117 3699 quod

159 3735 235 3782 cum
254 3714 364 3786 secitle
372 3720 541 3789 Socratem
553 3718 587 3788 in
600 3715 718 3789 fidibus
728 3715 888 3800 audirem,
899 3712 1021 3786 vellem
1032 3711 1118 3810 equi·

159 3820 234 3892 dem
248 3839 282 3893 et
297 3824 376 3896 illud
392 3851 401 3897 ε
417 3825 609 3925 (discebant
622 3825 710 3897 enim
730 3823 851 3897 fidibus
864 3823 1013 3921 antiqui:
1028 3819 1046 3921 )
1068 3820 1119 3896 sed

159 3925 194 3997 iu
215 3929 315 4004 literis
338 3954 425 4005 certe
445 3933 623 4008 elaboravi.

119 4052 141 4123 9
207 4038 261 4112 Ne
278 4064 365 4113 nunc
384 4043 519 4139 quidem
540 4044 626 4120 uires
644 4044 793 4119 desidero
814 4042 1053 4130 adolescentis,
1068 4039 1118 4145 (is
