2340 4628
95 664 98 669 ¹
218 731 221 736 ·
298 714 800 789 n1sronrcua
968 728 1094 818 ,p'

101 877 174 961 μοι
190 875 231 956 est.
252 873 366 939 invent.
392 895 424 950 1,
449 873 589 936 raven.
607 897 642 951 1,
660 895 707 937 ιι.
729 893 746 936 a
764 873 1040 961 Flamininovinoi.

108 970 167 1017 tur.
179 956 218 1019 cf.
230 954 303 1018 Phil.
325 976 380 1028 11,
397 976 427 1035 7.
443 956 545 1034 Agrar.
564 977 598 1028 1,
621 976 665 1038 19.
687 975 734 1038 33.
751 956 836 1022 Offic.
855 982 891 1032 2,
911 981 956 1035 14.
977 961 1040 1023 An.

109 1037 206 1178 iiii
221 1035 1041 1198 lllt·rlll.33‘.i.‘”s.“‘.ss.⁰.s&Misisti-st:

110 1165 200 1270 lium:
216 1201 343 1259 eiecerunt
353 1222 363 1259 .-
373 1201 425 1281 [τά
438 1199 600 1290 restituerunt
610 1199 670 1280 post
681 1221 694 1257 e
706 1164 795 1259 MSS.
812 1200 865 1258 viri
885 1141 960 1263 drilili
976 1202 1043 1264 Fuit

112 1297 201 1340 autern
222 1279 370 1360 Philippus
390 1279 528 1359 Antigoni
549 1297 625 1352 erus,
648 1281 694 1358 qui
712 1281 810 1362 Dofim
828 1280 945 1353 dicitur,
962 1283 1044 1360 filius

107 1359 265 1443 privignus.
283 1361 358 1419 Nam
368 1377 468 1418 mortuo
486 1358 641 1432 Demetrio,
659 1379 793 1440 comparer
808 1362 895 1420 adhuc
905 1360 963 1439 effer
973 1362 1041 1421 Plri-

112 1441 205 1523 lippus
216 1484 226 1511 ,
244 1456 316 1499 tutor
328 1438 421 1519 firtius
443 1440 477 1520 est
497 1440 555 1499 eius
577 1441 737 1522 Antigonus
762 1444 868 1524 Doson.
911 1443 940 1502 ls
960 1443 1043 1522 paulo

111 1523 172 1605 popl
195 1539 301 1581 matrem
325 1519 450 1603 Philippi
466 1521 567 1595 duxit,
585 1519 612 1580 (e
633 1522 741 1582 tutelam
765 1522 892 1605 Philippi
909 1523 1047 1605 sapienter

130 1627 144 1661 U

68 1601 289 1756 PillMl’PUS,
303 1679 381 1745 Vetr.
399 1701 432 1764 3,
452 1698 497 1762 34.
518 1681 705 1746 Herbitensis.

68 1761 290 1834 PHILIPPUS,
307 1761 401 1825 Flacc.
421 1762 465 1837 18.
484 1763 643 1829 Temnites.

69 1843 290 1917 PHILIPPUS,
307 1844 352 1904 -ad
366 1844 433 1905 Diu.
461 1864 514 1926 13,
537 1845 583 1907 28.
597 1845 854 1907 Lacedaemonius.

70 1925 106 1991 L.
130 1920 345 1998 PHILIPPUS,
369 1927 406 2004 Q.
436 1927 469 1986 F.
494 1949 507 1985 e
534 1928 661 1986 Marciis.
685 1924 745 1988 Off.
766 1947 802 1999 2,
828 1947 873 2006 17.
899 1928 939 2005 Q.
960 1925 1048 1990 filius:

116 2005 195 2068 Sext.
219 2023 263 2087 5¹·
283 2005 400 2065 vitricus
415 2003 520 2080 Gellii,
544 2006 667 2069 seditiosi
688 2006 834 2080 hominis,
857 2009 950 2069 fratris
967 2008 1047 2070 Con.

115 2085 184 2146 solis
198 2084 230 2145 L.
252 2083 347 2148 Gellii.
364 2085 460 2148 Plane.
480 2109 525 2148 11.
539 2088 570 2151 in
584 2088 725 2167 petitione
744 2088 906 2152 tribunatus
926 2089 989 2152 mil.
1004 2109 1048 2151 re-

116 2165 230 2249 pulsam
251 2165 326 2227 tulit.
359 2167 442 2229 Offic.
468 2189 505 2244 2,
533 2191 579 2230 21.
597 2171 730 2232 tribunus
753 2170 847 2248 plebis
871 2173 927 2233 fert
950 2170 1048 2251 legem

114 2249 289 2330 Agrariam,
312 2246 360 2308 sed
380 2267 445 2308 eam
466 2246 552 2309 facile
571 2253 712 2329 antiquari
732 2252 846 2329 patitur.
861 2254 890 2313 in
911 2254 971 2314 eius
985 2253 1050 2314 sua·

115 2331 194 2393 stone
213 2328 356 2408 quaedam
367 2329 452 2390 nimis
467 2329 645 2406 populariter
662 2335 690 2393 st
705 2332 865 2410 perniciose
880 2335 961 2395 dixit.
977 2334 1047 2395 Mu-

115 2433 177 2474 ren.
198 2433 242 2487 17.
259 2411 337 2475 Brut.
358 2431 406 2490 45.
430 2410 461 2470 in
481 2411 623 2488 petitione
640 2412 816 2491 Consulatus
835 2434 851 2472 a
871 2415 914 2475 M.
937 2416 1048 2476 Heren-

115 2496 167 2557 nio
187 2493 320 2555 vincitur.
342 2491 437 2555 Rabir.
454 2512 484 2569 7.
504 2491 615 2554 Consul
634 2511 704 2554 cum
719 2495 796 2556 Sext.
816 2492 892 2568 lusio
913 2493 1056 2558 Caesare.x

116 2577 169 2640 Or.
193 2597 226 2649 1,
250 2597 279 2654 7.
297 2571 408 2669 Cpnsul
432 2572 550 2634 tribuno
568 2573 611 2637 M.
633 2573 724 2669 Druso
751 2574 932 2650 adversatur,
958 2577 986 2636 ἃ
1011 2573 1048 2636 ab

115 2653 567 2811 ttt¹tttttlbltrstff
580 2655 1052 2818 r·.1².ut.¹¹;⁵rf¹u.a.⁰3t

116 2822 263 2897 iurgatur,
292 2819 435 2879 referente
460 2819 497 2879 ad
515 2816 644 2880 senatum
666 2818 768 2882 Druso.
785 2821 872 2881 llum.
900 2840 944 2901 32.
962 2839 1052 2882 avun-

117 2900 219 2963 culum
238 2899 323 2962 suum
343 2898 454 2963 Censor
474 2901 505 2960 in
520 2901 668 2963 recitando
688 2901 788 2964 senatu
809 2902 954 2980 praeterit.
971 2902 1050 2965 brut.

117 2986 168 3058 64.
188 3001 240 3060 pro
267 2983 324 3044 Cn.
345 2980 477 3061 Pompeii
501 2980 585 3045 bonis
607 2983 678 3044 dicit
705 2981 799 3045 senex.
825 2985 887 3044 Att.
911 2982 947 3059 8,
969 3004 993 3065 3.
1021 2985 1053 3045 in

117 3064 233 3129 Cinnae
257 3063 456 3125 dominatione
483 3083 562 3126 arma
588 3083 690 3142 capere
706 3064 807 3126 noluit.
825 3064 928 3126 Mattil.
946 3087 992 3126 21.
1014 3066 1052 3126 de
1112 3077 1116 3085 “

119 3145 177 3210 cn.
190 3144 329 3222 Pompeio
349 3144 460 3206 ditium
478 3143 682 3206 honorificum.
697 3145 776 3206 Brut.
787 3166 835 3218 4⁷·
846 3145 974 3224 optimus
986 3145 1054 3206 suae

119 3227 221 3289 aetatis
244 3227 349 3289 Orator
364 3226 428 3305 post
440 3226 473 3286 L.
493 3223 626 3288 Crassum
642 3228 669 3286 ἃ
687 3224 732 3287 Μ.
750 3225 923 3287 Antonium.
942 3225 991 3287 Or.
1016 3248 1055 3303 2,

117 3309 169 3371 61.
192 3307 276 3370 Offic.
306 3328 340 3384 1,
365 3327 409 3388 30.
430 3307 552 3367 facetus.
567 3307 631 3367 ibid.
653 3327 754 3384 2,17.
776 3303 889 3366 solebat
913 3304 1053 3383 gloriari,

116 3388 149 3451 se
167 3384 224 3450 bne
245 3387 305 3450 ullo
326 3406 446 3449 munere
472 3388 611 3466 adeptum
634 3385 691 3448 esse
711 3387 831 3460 omnia,
848 3405 922 3464 quae
940 3385 1055 3465 amplis-

119 3470 192 3534 stma
206 3483 382 3549 putarentur.
401 3474 433 3531 de
453 3493 484 3530 eo
503 3493 568 3553 cape
586 3472 656 3547 Agr.
680 3492 718 3545 2,
745 3469 789 3532 16.
813 3468 851 3531 de
872 3468 923 3530 Or.
948 3489 983 3543 2,
1005 3489 1051 3553 54.

121 3553 227 3628 Quint.
247 3573 292 3614 22.
316 3553 377 3611 vide
396 3553 475 3613 etiam
494 3549 526 3615 L.
543 3549 680 3615 Marcius.

72 3635 113 3699 L.
135 3631 356 3706 PHILIPPUS,
376 3636 409 3694 L.
431 3635 465 3694 F.
513 3681 520 3694 .
539 3635 579 3695 N.
603 3629 673 3695 Phil,
724 3675 734 3706 ,
762 3651 806 3692 10.
829 3630 947 3693 vitricus
967 3631 1056 3695 ooa-

119 3714 169 3776 vii.
188 3714 256 3775 Har.
284 3712 367 3801 Resp.
386 3716 414 3778 6.
436 3713 474 3775 ad
521 3715 556 3779 ἰ.
580 3735 613 3790 ι,
633 3735 661 3798 9.
683 3649 796 3776 gonsal
813 3728 882 3773 cum
909 3715 966 3778 Cn.
983 3714 1057 3776 Len-

118 3792 184 3856 tulo
202 3793 383 3856 Marcellmo.

72 3879 113 3946 Ι..
134 3875 353 3951 PHILIPPUS,
375 3878 407 3938 L.
421 3877 454 3937 F.
475 3877 508 3937 L.
529 3876 569 3937 N.
589 3872 661 3939 Phil.
689 3891 726 3956 3,
744 3893 789 3937 ιο.
809 3877 989 3954 provinciam
1003 3876 1056 3937 fibi

120 3957 160 4020 ab
179 3958 310 4019 Antonio
333 3959 431 4018 datam
457 3956 605 4020 recusavit.
622 3956 696 4020 Phil.
717 3955 755 4031 8,
775 3978 803 4040 9.
821 3958 858 4018 ad
874 3958 936 4019 Div.
957 3978 1012 4028 12,
1027 3980 1056 4033 4.

118 4038 233 4117 legatus
252 4038 379 4100 asenatu
394 4038 542 4102 Mutinam
562 4040 600 4099 ad
617 4038 660 4101 Μ.
676 4040 842 4100 Antonium
858 4035 995 4116 flagitiose
1013 4037 1058 4096 sa-

119 4121 172 4182 cit.
195 4121 232 4182 ad
254 4123 316 4181 Att.
338 4142 393 4195 10,
414 4145 442 4197 4.
472 4141 507 4200 ς,
536 4135 581 4181 12.
606 4142 660 4195 12,
683 4122 727 4181 16.
750 4117 1054 4182 remuneratus

122 4200 206 4265 hunc
224 4219 294 4264 curn
316 4215 397 4280 patre
421 4200 599 4280 confundit,
616 4215 651 4263 ut
668 4202 704 4263 ad
725 4200 852 4281 11113,
875 4219 920 4264 10.

692 4290 824 4358 Mmt
