2340 4628
130 622 202 721 ³⁶⁶
387 610 925 691 antoniana-r-

37 828 42 857 .
128 780 196 855 sese
211 775 441 877 movet‚quia
462 798 633 875 mrnqm
653 772 1083 887 &hhuaftthp

128 912 174 963 ne
190 884 325 963 moreti
340 886 476 985 quidem
492 878 840 991 retmeqmefin
857 886 1085 985 centnm

129 1016 311 1073 moventur
320 1048 336 1089 ,
359 997 415 1071 bic
430 994 529 1085 fons,
551 994 621 1069 hoe
633 994 838 1091 ptirrtip'nm
856 994 908 1069 est
927 998 1085 1085 nord.

130 1109 302 1209 principio
321 1128 431 1183 autem
459 1108 547 1179 nulla
568 1102 617 1181 est
634 1106 746 1204 origo.
764 1130 844 1179 mm
867 1130 912 1179 ex
932 1106 1085 1207 principii

104 1218 109 1225 “
129 1220 287 1293 oriuntur
303 1218 437 1292 omnia:
453 1214 557 1315 ipsum
572 1238 683 1289 autem
702 1214 793 1287 nuta
810 1240 858 1289 ex
874 1240 914 1289 te
930 1218 996 1291 alia
1012 1214 1085 1293 n'fl'

130 1330 265 1429 potest:
285 1355 347 1405 nec
362 1328 453 1403 enim
478 1328 512 1401 id
530 1326 612 1401 effet
626 1326 850 1427 principium,
871 1332 971 1429 quod
987 1330 1086 1429 gigar-

130 1460 224 1515 retnr
239 1440 393 1513 aliunde:
415 1439 510 1535 quod
527 1439 552 1510 si
569 1462 741 1535 nunquam
758 1439 895 1527 oritur,
917 1464 961 1513 ne
978 1438 1087 1517 oceidit

15 1578 20 1597 ·
130 1550 269 1645 quidem
289 1572 447 1645 unquam.
472 1572 548 1619 nam
571 1548 772 1647 principium
794 1546 1016 1638 rxstinffirm,
1034 1572 1086 1623 arc

131 1662 240 1759 ipsum
254 1660 295 1732 ab
307 1659 375 1731 alin
387 1658 597 1748 renascetur,
609 1682 672 1733 nec
685 1684 730 1732 ex
752 1657 891 1731 sealitrd
907 1654 1086 1745 creabittfi
1125 1686 1127 1701 ·

124 1768 269 1865 ¹quidem
284 1766 411 1837 necesse
423 1766 470 1837 est
483 1792 502 1837 a
516 1766 683 1863 principio
695 1764 778 1839 oriri
792 1768 920 1841 omnia.
937 1772 986 1841 lta
994 1766 1046 1857 fit,
1055 1786 1087 1842 tt

133 1896 248 1951 motus
262 1874 466 1971 principium
477 1900 519 1949 ex
532 1900 577 1948 eo
587 1874 648 1965 stt,
668 1878 763 1973 quod
779 1874 890 1973 ipsum
903 1878 972 1951 ase
985 1902 1086 1951 niort·

132 2004 208 2061 tur:
222 1986 257 2059 id
270 2004 380 2059 autent
395 2008 456 2059 nec
469 1984 555 2057 nasri
568 1984 697 2081 potest,
710 2008 773 2059 nec
784 1984 879 2058 mori
887 2010 901 2072 ;
915 1986 971 2059 vel
984 1986 1087 2061 conti·

133 2098 190 2169 dat
202 2118 305 2169 omne
317 2098 471 2181 coelum,
488 2096 664 2190 omnisque
679 2116 814 2185 namra,
834 2116 869 2169 et
883 2098 1089 2173 confitiatnt·

134 2204 219 2279 ecffe
240 2204 308 2297 est,
330 2230 391 2278 nec
411 2205 482 2278 vim
504 2206 602 2277 ullam
621 2205 851 2293 nanciscatur,
874 2233 941 2306 qua
955 2236 976 2282 a
989 2208 1088 2309 prino

93 2346 118 2419 9
135 2315 274 2413 impulsa
292 2334 478 2390 moveatur.
504 2318 593 2389 Cum
609 2338 720 2414 pateat
733 2319 854 2415 igitur,
879 2338 1045 2392 aeternum
1057 2318 1087 2391 iri

136 2426 227 2511 ete.
248 2427 343 2525 quod
363 2452 382 2498 a
402 2426 434 2500 se
452 2428 524 2523 ipso
543 2446 742 2512 moveatur;
762 2430 839 2524 qnia
853 2426 923 2519 est,
942 2430 1087 2527 quibant

134 2554 285 2609 naturam
302 2537 419 2609 animis
438 2537 503 2609 effe
524 2537 680 2609 tributam
696 2539 824 2635 neget?
845 2539 1028 2611 inanimum
1048 2534 1089 2637 eii

135 2646 225 2718 enim
241 2670 365 2733 omne,
386 2648 477 2744 quod
491 2647 583 2742 pulsu
597 2647 735 2746 agitatur
747 2666 888 2721 externo
903 2674 914 2719 ε
931 2651 1025 2748 quod
1036 2662 1092 2722 au·'

135 2768 203 2823 tem
229 2755 348 2825 animal
371 2755 439 2841 est,
461 2754 496 2826 id
520 2774 616 2828 motu
641 2755 746 2829 cietur
764 2755 954 2848 interiore,
978 2780 1012 2832 et
1027 2758 1088 2833 suo.

135 2882 211 2931 nam
232 2860 313 2933 naec
330 2859 377 2933 est
389 2882 504 2933 namra
516 2863 651 2959 propria
663 2865 789 2954 animi,
811 2880 915 2962 atque
926 2866 989 2941 vis.
1015 2889 1089 2967 quar

134 2970 160 3043 ti
174 2968 220 3041 est
230 2994 294 3043 una
307 2996 348 3043 ex
358 2970 537 3059 omnibus,
552 2998 639 3071 quae
650 2975 715 3048 sese
728 2998 883 3062 moveam
899 3002 1010 3076 neque
1022 2992 1091 3052 nata

135 3078 183 3155 ast
206 3098 360 3171 ettte‚et
376 3104 507 3155 aeterna
526 3080 581 3154 est.
602 3084 698 3156 Hanc
715 3101 752 3155 tu
770 3107 890 3157 exerce
910 3083 946 3156 in
963 3085 1091 3183 optimis

135 3194 245 3267 rtbtrs.
268 3190 464 3264 fumantem
479 3193 628 3287 optimae
642 3217 765 3280 curae,
780 3193 822 3264 de
835 3189 937 3266 salute
951 3196 1091 3290 patriatt

135 3301 255 3395 quibus
275 3299 412 3397 agitatus
430 3314 465 3372 et
485 3298 684 3372 exercitatur
707 3299 862 3388 animus,
887 3294 1041 3377 vel'ocius
1061 3302 1091 3374 in

136 3410 222 3487 itanc
239 3413 348 3487 sedem
360 3432 394 3487 et
405 3411 547 3485 domum
560 3410 652 3485 suam
666 3410 875 3508 pervolabit:
889 3412 993 3510 idque
1004 3409 1092 3484 ocius

136 3514 257 3605 faciet,
277 3517 301 3590 ti
320 3520 384 3593 iam
406 3536 499 3612 tram,
517 3542 595 3593 cum
615 3520 680 3593 erit
701 3519 843 3593 inclusus
867 3520 904 3593 in
927 3524 1094 3618 corpore,

135 3624 295 3698 eminebit
314 3628 426 3721 sorar,
450 3647 484 3702 et
503 3652 562 3714 ea,
586 3646 672 3725 quae
696 3646 787 3700 erma
805 3650 929 3717 erunt,
947 3648 1095 3703 contem·

135 3730 255 3827 piant,
272 3757 373 3828 qnam
389 3739 533 3812 maxime
549 3737 582 3811 se
599 3761 618 3810 a
634 3761 781 3835 torpore
799 3738 973 3814 abstrahet.
998 3742 1096 3812 Nam·

134 3862 204 3933 que
221 3862 339 3915 eorum
352 3845 476 3937 animi,
498 3849 555 3949 qui
576 3848 609 3922 se
625 3850 779 3946 corporis
798 3851 1030 3949 voluptatibus
1045 3850 1095 3922 de·

134 3944 312 4033 didfflfflt,
324 3974 506 4053 eanrmque
516 3957 549 4031 se
564 3957 656 4057 quafi
670 3957 839 4031 ministros
855 3960 1095 4056 praebuerant,

134 4050 342 4157 impulsuque
370 4060 548 4138 libidinum
579 4067 807 4165 voluptatibus
835 4068 1094 4154 obedientium,
