2340 4628
163 687 207 736 η
411 644 904 739 paoerlctrs

162 850 221 899 nes
239 844 350 900 autem
366 826 457 902 velle
478 824 632 924 debent)
652 825 823 900 adhibebit
840 824 881 898 ad
906 822 1118 899 confiderun-

54 1003 56 1006 t
114 935 219 1013 udas
235 961 287 1010 res
306 954 340 1011 et
358 956 507 1034 tempus,
522 957 557 1012 et
582 936 795 1034 diligentiam.
829 934 977 1008 Alterum
995 932 1043 1008 esl
1062 932 1120 1005 vi-

60 1060 62 1065 '
160 1047 267 1134 tium,
288 1047 382 1145 quod
401 1048 535 1147 quidam
557 1047 656 1121 nimis
676 1072 830 1145 magnum
856 1043 1021 1137 studium,
1037 1042 1122 1117 mul·

160 1170 294 1257 tamque
313 1179 452 1255 operam
465 1154 498 1226 in
519 1179 571 1229 res
585 1154 742 1237 obseurat
755 1170 854 1251 atque
868 1151 1018 1226 difficiles
1039 1178 1122 1225 con·

159 1260 290 1353 serunt,
302 1264 501 1363 easdemque
516 1290 586 1337 non
599 1264 805 1338 neceuarias:
821 1262 941 1363 quibus
955 1262 1045 1335 vitiis
1059 1263 1122 1335 de·

160 1373 289 1467 clinatis
301 1430 313 1465 ,
327 1375 421 1473 quod
441 1375 476 1446 in
500 1376 599 1448 rebus
621 1372 767 1449 honestis
786 1392 819 1446 et
841 1371 1034 1471 cognitione
1052 1373 1126 1473 dig·

159 1483 212 1557 nis
228 1510 352 1580 operae
368 1509 535 1581 curaeque
548 1503 694 1580 ponetur
705 1538 716 1574 ,
729 1483 764 1555 id
778 1482 849 1556 iure
864 1482 1050 1555 laudabitur
1061 1508 1072 1553 r
1085 1502 1126 1583 ut

159 1588 197 1662 in
218 1589 396 1690 astrologia
419 1594 460 1666 C.
481 1591 666 1689 Sulpicium
691 1592 899 1677 audivimus3
921 1594 957 1664 in
985 1588 1126 1690 geome-

118 1716 124 1778 ἶ
159 1700 225 1773 tria
253 1703 326 1773 Seri.
353 1701 551 1800 Pompeium
576 1703 638 1800 ipsi
661 1697 917 1801 cognovimu33
941 1700 1065 1775 multos
1089 1702 1126 1777 in

161 1812 368 1901 dialecticis,
383 1816 495 1913 plures
514 1815 550 1887 in
568 1817 643 1889 iure
659 1814 762 1890 civili.
786 1838 871 1913 quae
898 1836 1017 1886 omnes
1042 1829 1131 1886 artes

162 1919 200 1992 in
216 1921 290 1996 veri
313 1920 570 2021 investigatione
591 1923 779 1997 versantur:
796 1922 887 1995 critas
906 1920 1016 1994 sludio
1034 1946 1054 1993 a
1075 1946 1131 1996 re·

161 2030 224 2103 bus
244 2031 398 2129 gerendis
421 2032 570 2122 abduci,
600 2056 717 2109 contra
737 2036 885 2107 officium
903 2032 965 2125 eli.
994 2030 1135 2123 virtutis'

163 2140 254 2214 enim
274 2143 345 2216 laus
361 2143 473 2216 omnis
497 2144 531 2216 in
552 2144 681 2219 anione
704 2144 849 2219 consulit
862 2169 904 2215 :a
929 2167 994 2241 qua
1016 2166 1132 2217 tamen

162 2248 259 2349 saepe
282 2250 321 2326 lit
341 2253 559 2342 intermissam
575 2254 736 2354 multique
758 2255 875 2327 dantur
896 2251 937 2324 ad
954 2250 1058 2326 studia
1078 2274 1132 2324 re·

163 2358 253 2435 ditus
269 2382 364 2435 :turn
384 2362 520 2462 agitatio
535 2363 786 2463 ·mentis,quae
811 2388 980 2463 nunquam
1001 2356 1133 2459 aquies-

163 2472 230 2564 cit,
243 2473 352 2573 potesl
361 2499 425 2549 nos
433 2474 468 2548 in
482 2474 595 2549 studiis
608 2475 820 2576 cogitationis
834 2474 931 2547 etiam
946 2474 1014 2545 sure
1026 2486 1134 2568 opera

168 2583 279 2658 noslra
301 2587 483 2660 continere.
520 2586 642 2660 Omnis
670 2606 777 2659 autem
809 2584 970 2684 cogitatio
999 2603 1134 2655 motus·

166 2718 233 2790 que
257 2694 379 2783 animi,
396 2714 452 2766 aut
478 2694 512 2764 in
534 2693 677 2765 consiliis
700 2693 868 2795 capiendis
893 2693 935 2765 de
955 2692 1052 2765 rebus
1067 2690 1134 2764 ho·

166 2803 287 2907 neslis,
305 2820 339 2877 et
351 2802 591 2912 pertinentibus
602 2803 646 2875 ad
660 2803 745 2876 bene
758 2802 919 2899 beateque
935 2799 1136 2891 vivendum,

90 2934 97 2941 ·
167 2933 225 2986 artt
243 2913 280 2985 in
303 2912 418 2986 studiis
430 2911 594 2987 scientiae*
611 2912 886 3012 cognitionisque
904 2911 1062 2987 versantr.
1084 2914 1137 2990 nc

169 3021 212 3093 de
232 3020 494 3119 primoquidem
518 3021 623 3095 officii
644 3023 740 3095 sonte
759 3022 917 3096 diximus.

127 3158 154 3232 7
220 3136 276 3209 De
298 3133 403 3207 tribus
419 3157 529 3208 autem
545 3134 680 3233 reliquis
697 3132 847 3208 latissime
864 3149 955 3232 patet
968 3157 1007 3206 ea
1025 3132 1137 3222 ratio,

97 3271 155 3328 ,ιο
171 3268 237 3342 qua
262 3240 401 3315 societas
426 3242 603 3316 hominum
631 3243 719 3317 inter
741 3241 853 3341 ipsos,
875 3258 908 3313 et
934 3239 1023 3313 vitae
1047 3239 1139 3339 quali

172 3352 394 3430 communitas
409 3353 609 3428 continetur.
632 3352 725 3426 cuius
739 3370 849 3452 partes
872 3351 955 3424 duae
970 3349 1066 3422 sunt:
1083 3349 1140 3422 iu·

173 3463 279 3552 slitia,
293 3463 327 3533 in
346 3487 412 3560 qna
434 3461 566 3536 virtutis
579 3460 735 3561 splendor
754 3460 802 3535 esl
816 3460 1000 3550 maximin,
1016 3482 1061 3531 ex
1074 3482 1142 3558 qua

174 3573 259 3646 boni
273 3573 340 3647 viri
355 3572 590 3659 nominantur3
616 3595 651 3645 et
670 3571 749 3647 huic
761 3569 935 3647 coniundla
949 3567 1145 3642 beneficen-

171 3688 237 3788 tia,
251 3709 350 3784 quam
365 3685 503 3773 eandem
518 3688 573 3760 vel
591 3687 829 3786 benignitatem
839 3686 897 3759 vel
909 3682 1142 3758 liberalitatem

176 3796 341 3895 appellare
351 3795 440 3868 licet.
454 3795 518 3867 Sed
530 3795 671 3869 iustitiae
685 3794 828 3894 primum
845 3818 965 3866 munus
977 3790 1037 3878 est,
1051 3815 1144 3866 utne

179 3908 234 3983 cui
242 3907 318 4004 quis
332 3925 467 3994 noceat,
477 3904 706 3979 nisrlacesfitus
715 3904 850 3977 iniuria:
863 3902 983 3976 deinde
996 3922 1034 3976 ut
1044 3926 1144 3976 com·

131 4052 159 4089 αι
181 4018 336 4092 munibus
356 4034 467 4091 utatur
487 4042 552 4116 pro
575 4016 829 4100 communibus,
850 4014 989 4111 privatis
1007 4032 1046 4111 ut
1067 4012 1146 4089 suis.

161 4132 265 4204 'Sunt
279 4144 388 4202 autem
404 4126 535 4227 privata
550 4124 640 4200 nulla
655 4142 792 4199 nanua:
818 4122 873 4198 sed
886 4144 942 4199 aut
956 4122 1065 4199 veteri
1084 4148 1151 4200 oc·
