2340 4628
295 701 799 818 HISTORlCUi.
964 728 1031 805 525

82 916 87 923 .
108 863 152 924 ib.
174 881 218 945 ις.
235 861 345 943 legatus
363 859 503 934 Caesaris,
517 879 534 921 e
548 859 691 940 legatione
706 874 856 925 revocatus
876 866 904 927 ἀ
921 865 1036 930 accusa·

70 1012 78 1021 ,
112 960 177 1015 tus,
194 963 211 1004 a
229 943 368 1004 Cicerone
388 942 562 1004 defenditur.

68 1024 278 1099 METELLA,
300 1024 363 1086 Art.
390 1045 446 1096 11,
471 1041 517 1103 ας.
538 1023 666 1103 Busta&
695 1027 811 1087 conada
829 1025 934 1087 viderur
946 1030 1037 1111 pellex

112 1106 274 1167 Dolabellae
293 1104 321 1165 te
337 1106 449 1186 Aefirpl.
469 1146 471 1151 »

68 1186 388 1261 ΜΕΤΗΈΙΝΑ,Αα.
407 1206 440 1261 r,
459 1186 549 1268 rarsi
564 1185 650 1248 orario
672 1186 805 1257 Ciceronis
817 1204 910 1248 contra
927 1190 963 1271 Q.
974 1192 1036 1250 Me.

111 1269 204 1330 tellum
222 1271 359 1350 Nepotem

68 1346 247 1418 METELLL
262 1369 292 1408 co
310 1370 402 1408 nomen
417 1345 619 1409 Caeciliorum.
1113 1414 1115 1418 Δ

68 1436 105 1500 A.
128 1369 355 1504 METELLUS,
373 1427 467 1492 Flacc.
485 1448 532 1503 40.
558 1428 603 1487 Ita
621 1428 777 1490 Grrreerrrse
796 1432 878 1493 cord.
898 1433 973 1494 Pell.
985 1436 1037 1495 de·'

75 1578 81 1585 ,
113 1514 175 1584 dit,
189 1532 247 1573 curre
263 1530 325 1571 aare
344 1513 373 1570 in
392 1510 483 1590 eulgg.
503 1507 563 1587 effre
579 1509 616 1586 Q.
635 1510 676 1570 Ee
695 1511 794 1593 monife
813 1534 855 1572 am
878 1515 912 1596 est
928 1537 962 1574 ex
974 1538 1038 1575 con·

73 1658 81 1667 ,
115 1611 193 1655 rexere
206 1638 217 1665 ,
229 1595 370 1674 sennonem
385 1590 432 1672 effe
447 1592 479 1649 de
495 1587 616 1663 Metello
627 1588 753 1654 Cretico,
797 1594 842 1654 ius
859 1612 945 1656 aurem
958 1618 1037 1679 prae.
1128 1662 1131 1668 .

114 1692 209 1735 nomen
230 1674 267 1750 Q.
287 1674 340 1812 M,
360 1694 414 1732 non
434 1672 467 1733 A.

69 1757 110 1820 C.
133 1752 288 1817 METELL
318 1752 357 1827 S',
377 1755 413 1832 Q.
436 1751 606 1812 Macedonici
619 1772 728 1834 quartus
736 1755 782 1832 fil.
796 1756 949 1837 caprarius.
964 1759 1039 1836 Qui.

114 1837 162 1897 rit.
174 1855 203 1913 p.
220 1833 254 1897 lt
272 1834 345 1976 {iio
358 1832 454 1893 Senot.
470 1851 513 1914 ¹5·
531 1831 693 1895 Censorius.
704 1837 771 1895 Fuit
791 1839 889 1920 Censor
899 1859 957 1898 eum
973 1842 1037 1901 Nu·

115 1918 214 1978 midico
227 1939 255 1978 a.
304 1912 374 1994 CLI.
390 1931 442 1991 pro
460 1914 497 1991 Q.
512 1911 634 1974 Metello
652 1914 812 1978 Numidico
829 1915 926 1979 exsule
951 1919 1040 1981 inter.
1074 1958 1092 1994 ,

116 1997 205 2058 cedit
229 1995 285 2056 Or.
303 2016 339 2070 2,
352 1992 400 2053 66.
418 1992 445 2052 'ei
458 1992 623 2053 tarditatem
640 1993 747 2072 ingenii
764 1995 866 2059 obiicit
883 1998 989 2077 Scipio.

68 2079 108 2141 L.
131 2074 332 2139 METELLUS
357 2071 481 2144 calwe,
507 2073 677 2131 Macedonici
695 2073 790 2154 ficret.
819 2074 903 2140 Font.
923 2099 953 2157 7.
977 2079 1042 2141 eius

114 2155 313 2297 testiffiniulm
335 2153 367 2213 in
391 2154 430 2231 Q.
449 2152 620 2229 Pompeium
644 2151 686 2213 nil
712 2152 797 2220 vaiet
821 2158 923 2241 Consul
934 2158 994 2242 suit
1010 2184 1040 2225 a,

68 2322 107 2385 L
132 2315 335 2381 METELLUS
354 2312 561 2387 Diadematus,
578 2317 687 2375 Maced.
700 2316 743 2392 fil.
765 2314 830 2377 Sen.
847 2337 878 2396 p.
897 2317 971 2385 Re&
991 2341 1039 2481 ,ὃ

115 2400 157 2461 ad
174 2398 257 2475 Quir.
281 2416 308 2478 3.
330 2416 383 2474 pro
400 2395 557 2457 Numidico
572 2395 731 2455 intercedit.
747 2398 847 2479 Consul
853 2398 912 2478 firir
932 2424 989 2461 cam

119 2480 251 2545 Scaevola
272 2483 309 2559 Q.
327 2480 361 2538 F.
380 2500 407 2538 a.
423 2480 461 2539 U.
480 2476 685 2537 DCXXXVI.
704 2475 890 2538 Diadematus
907 2482 990 2539 disier
1005 2486 1040 2562 est

117 2587 139 2624 a
157 2563 320 2634 diademate,
339 2581 390 2639 quo
416 2573 496 2638 capue
518 2556 634 2654 obligare
652 2557 775 2639 firlebar,
802 2557 897 2616 ulceris
922 2562 1039 2621 alicuius

71 2727 109 2790 L.
118 2643 336 2786 ‘ME'EELEES
352 2636 604 2793 gilmssassvsst‘zrr
607 2659 696 2780 ⁵‘L'olsi
704 2718 804 2798 filius,
831 2720 911 2803 Confi
933 2743 990 2782 crem
1007 2727 1040 2786 L.

122 2807 220 2874 corta,
241 2826 268 2863 a.
287 2799 481 2862 DCXXXIV.
503 2800 581 2861 Verr.
602 2821 637 2877 r,
657 2822 700 2884 59.
720 2801 836 2863 deeius
861 2803 1041 2867 Manubiise
1106 2807 1115 2826 ⁶

120 2884 283 2958 Dalmatis,
298 2881 422 2944 Castoris
441 2881 526 2942 aedes
544 2880 690 2944 exstructa.
709 2882 787 2943 Verr.
806 2907 842 2961 4,
860 2903 905 2966 57,
927 2885 1042 2950 Metelli

121 2965 259 3060 porticus.
274 2965 353 3026 Verr.
375 2985 406 3040 1,
425 2983 470 3047 55.
493 2961 609 3027 (luent.
625 2987 674 3041 42.
693 2962 803 3029 Censor
819 2984 887 3026 cum
907 2965 964 3032 Cn
981 2967 1041 3030 Do,

121 3065 214 3110 muno.

76 3132 114 3195 1.
136 3127 357 3200 METELLUS,
377 3123 470 3188 Pison.
493 3146 521 3201 4.
536 3128 573 3203 Q.
593 3125 696 3185 Marcii
718 3125 828 3203 collega
849 3127 879 3186 in
896 3130 1042 3211 conficiam
1155 3180 1158 3184 ,

122 3235 151 3273 a.
166 3209 368 3271 DCLXXXV.
389 3209 456 3269 Art.
480 3227 504 3266 1.
523 3207 552 3264 in
574 3207 650 3266 Verr.
677 3228 704 3288 9.
724 3219 837 3282 praetor
859 3206 972 3270 Siciliae
991 3221 1039 3291 (a.

86 3344 90 3351 .
122 3288 373 3364 DCLXXXIIL)
388 3288 472 3348 testes
483 3288 512 3346 in
519 3288 636 3346 Verrem
654 3288 773 3360 retinet,
788 3290 816 3347 δι
831 3286 1044 3354 accusationem

123 3372 264 3449 impedire
282 3386 423 3442 conatur,
442 3372 474 3428 de
494 3390 543 3449 qno
564 3368 660 3426 multae
678 3370 707 3426 in
729 3368 845 3427 Verrittis
860 3369 995 3447 querelae,
1010 3374 1040 3432 lu

120 3456 217 3537 primis
237 3455 269 3514 L.
288 3476 314 3512 2.
339 3453 384 3532 Est
403 3468 479 3530 parer
499 3448 624 3509 Cretici:
620 3447 734 3589 sacres
749 3449 806 3507 elus
830 3466 879 3507 unt
898 3451 936 3526 Q.
956 3453 1041 3516 &M‚

125 3536 193 3596 Act.
218 3554 241 3592 1.
255 3532 285 3591 in
301 3533 378 3592 Verr.
397 3553 425 3614 9.
445 3551 487 3592 ro.
503 3531 618 3608 QCon
633 3528 661 3589 ul
680 3538 726 3611 (a.
744 3534 782 3590 U.
826 3529 1040 3612 CLXXXIV.)
1132 3584 1137 3607 ,

126 3615 171 3678 M.
191 3629 304 3691 praetor
319 3617 403 3672 eodrm
419 3635 499 3672 anno.

82 3698 117 3762 L.
138 3694 364 3768 METELLUS,
382 3696 443 3752 Art.
460 3715 499 3771 9,
515 3693 542 3753 6.
558 3711 612 3765 10,
631 3712 659 3765 4.
671 3689 736 3751 trib.
753 3689 793 3768 pl.
806 3711 898 3770 paene
909 3688 1040 3758 intersec-

127 3790 174 3837 tus
197 3775 237 3835 est
259 3775 332 3835 iussu
349 3773 494 3848 Caesaris,
514 3773 593 3850 quod
610 3774 636 3832 ei
655 3772 738 3850 saepe
758 3773 953 3838 intercederet.
977 3772 1047 3842 Eius.

126 3857 224 3919 socrus
239 3856 352 3918 Clodia.
745 3909 748 3913 .

84 3940 129 4003 M.
152 3937 370 4012 METELLUS,
393 3936 458 3996 Aer.
489 3956 512 3995 r.
539 3934 569 3993 in
593 3934 709 4009 Verrem
758 3984 765 3998 .
794 3957 838 3999 10.
863 3951 992 4017 praetor,
1015 3953 1045 4000 a.

128 4019 350 4084 DCLXXXIV.
372 4020 433 4079 Art.
454 4039 487 4089 2,
510 4036 532 4075 r.
548 4017 608 4076 eius
627 4015 688 4076 ludi
714 3956 882 4093 gladiatorii.

88 4104 131 4182 Q.
153 4098 374 4173 METELLUS,
399 4098 430 4164 L.
447 4097 485 4159 lil.
504 4096 581 4157 Brut.
599 4119 642 4173 14.
659 4097 766 4159 Consul
787 4115 854 4161 cum
873 4103 907 4169 L.
926 4098 1041 4164 veturio
1088 4120 1090 4122 ·

128 4181 252 4249 Philone
265 4205 293 4247 a.
307 4179 454 4246 DXLVLI.
464 4180 496 4242 ‘Er
511 4179 635 4241 Disiaror
647 4201 719 4247 anno
734 4185 864 4264 sequente,
