2340 4628
59 39 1169 326 .-

160 651 239 733 28·>
404 653 494 775 Da
543 647 898 730 orric-115

115 868 118 875 -
158 815 312 907 maximis
324 816 460 917 obdigati
473 817 601 892 sumus:
615 815 897 914 proximi‚liberi,
907 829 1045 912 totaque
1057 811 1120 886 do·‘

160 951 256 1014 mus,
270 950 355 1020 quae
372 928 491 1024 spedat
510 928 546 999 in
567 952 630 1002 nos
646 908 757 1011 sodor,
772 950 879 1022 neque
901 923 988 996 aliud
1012 920 1118 1001 ullum

156 1033 267 1132 potest
283 1035 403 1109 habere
422 1034 608 1133 perflagium
622 1034 801 1130 :deinceps
816 1034 899 1105 bene
913 1028 1121 1105 convenien-

156 1155 206 1211 tes
221 1139 422 1236 propinqui,
436 1139 633 1235 quibuscum
647 1139 746 1213 etiam
761 1137 954 1212 eommunis
967 1135 1119 1235 plerum·

156 1270 222 1344 que
246 1245 385 1323 fortuna
408 1248 466 1322 est.
503 1249 734 1343 Quamobrem
760 1243 934 1320 necessaria
956 1240 1119 1343 praesidia

156 1359 246 1431 vitae
254 1359 631 1446 debenuuiiamaxime‚
641 1383 726 1454 quos
734 1376 808 1432 arue
821 1356 905 1430 dixi:
915 1354 984 1430 vita
993 1373 1121 1449 autem,

133 1497 137 1503 ·
154 1463 328 1564 uiuasque
341 1467 546 1554 communis,
556 1465 901 1555 confilia,setmones‚
911 1461 1120 1537 cohortatio·

103 1586 108 1625 ³
156 1597 232 1663 nes,
245 1574 504 1661 consolationes,
518 1576 684 1647 interdum
702 1573 802 1648 etiam
823 1570 1069 1670 obitugationes
1082 1569 1118 1643 in

156 1684 308 1759 amicitiis
317 1685 433 1782 vigent
445 1684 587 1760 maxime
600 1714 610 1759 r
624 1684 735 1785 estque
744 1709 782 1756 ea
792 1680 1118 1758 iucundiffimaami·

96 1803 138 1877 ιδ
157 1791 255 1880 ciria,
268 1816 368 1890 quam
376 1793 561 1868 fimilitudo
573 1820 707 1868 morum
720 1791 923 1892 coniugavit.
939 1794 1004 1866 Sed
1016 1792 1053 1864 in
1064 1791 1120 1866 his

108 1940 139 1991 59
155 1905 313 1979 omnibus
327 1905 446 1980 officiis
457 1906 640 1982 tribuendis
653 1906 836 1981 videndum
850 1904 933 1991 erit,
947 1902 1029 2002 quid
1042 1901 1116 1978 cui·

154 2038 223 2110 que
233 2014 381 2088 maxime
391 2015 519 2090 neceiie
531 2016 580 2106 fir,
589 2035 622 2089 et
633 2015 717 2113 quid
725 2014 866 2113 quisque
876 2011 1052 2088 nobiscum
1060 2007 1119 2089 ve!

153 2121 331 2205 tinenobis
343 2143 399 2196 aut
412 2123 511 2222 poffit
523 2122 695 2222 consequi,
709 2142 768 2197 aut
780 2121 971 2219 nonpoffit.
984 2125 1032 2194 ita
1044 2146 1117 2196 nou

108 2303 111 2311 .
142 2232 259 2306 iidem
276 2255 373 2309 enrnt
392 2233 664 2310 neceffitudinum
680 2233 815 2331 gradus,
831 2232 889 2331 qui
913 2249 1120 2328 tempomm.

153 2347 241 2416 Sunt
250 2346 410 2443 quaedam
421 2343 549 2433 officia,
561 2367 646 2441 quae
658 2342 729 2416 aliis
741 2342 858 2440 magis,
865 2365 965 2439 quam
978 2340 1120 2416 aliisde·

153 2453 314 2539 orantum
330 2476 366 2528 ut
379 2453 528 2529 vicinum
540 2454 637 2529 citius
648 2453 859 2531 adiuvetisin
874 2452 1034 2527 fructibus
1041 2476 1119 2549 per·

154 2562 336 2659 cipiendis,
349 2587 451 2661 quarn
464 2581 522 2636 aut
537 2561 692 2652 fratrem,
703 2584 759 2637 aut
774 2560 1119 2652 familiauem.at,1ilis¹

152 2670 192 2753 in
208 2671 338 2746 'iudicio
352 2669 410 2761 fit,
423 2660 652 2769 propinquum
670 2670 781 2767 potius
792 2690 826 2744 et
838 2670 1003 2761 amicum,
1013 2695 1118 2768 quam

154 2779 303 2853 vicinum
319 2779 519 2855 defenderis.
549 2782 642 2858 Haec
658 2780 778 2879 igitur,
791 2798 825 2854 et
847 2773 949 2870 talia,
968 2782 1118 2856 circum·

104 2930 110 2939 ι
128 2934 131 2939 -
155 2885 322 2983 spicienda
345 2884 420 2961 suut
435 2885 476 2959 in
491 2887 588 2960 omni
601 2887 787 2974 offici03et
807 2889 1012 2964 consuetudo
1027 2913 1126 2964 exeo·

155 2995 336 3093 citatioquc
352 2995 533 3093 capienda,
546 3016 584 3070 ut
601 2997 688 3077 boni
709 2997 962 3073 ratiocinatores
984 2999 1119 3075 officio,

153 3101 304 3178 rumeffe
317 3100 493 3200 poffimus,
502 3121 535 3179 et
546 3103 702 3183 addendo
713 3105 975 3204 deducendoque
985 3105 1118 3203 videre,

157 3238 243 3312 quae
262 3212 381 3313 reliqui
397 3213 523 3291 summa
538 3211 617 3291 fiat:
636 3240 678 3288 ex
698 3240 791 3313 quo,
813 3233 973 3312 quantum
992 3215 1126 3316 cuique·

107 3344 137 3397 a<
154 3325 336 3414 debeatur,
357 3323 531 3424 intelligas.
551 3325 617 3399 Sed
631 3344 667 3397 ut
683 3349 747 3400 nec
764 3326 908 3414 medici,
921 3350 984 3400 nec
1004 3325 1118 3424 impe·

156 3430 303 3522 ratores,
317 3459 378 3508 nec
393 3453 566 3525 oratores,
582 3437 736 3534 quamvis
754 3438 832 3509 artis
850 3428 1025 3533 praecepta
1037 3461 1118 3535 per·

158 3540 330 3635 ceperint,
344 3541 528 3641 quidquam
549 3567 667 3644 magna
686 3542 781 3618 laude
802 3545 940 3641 dignum
963 3541 1030 3616 fine
1055 3545 1117 3622 usu

155 3671 192 3741 et
210 3648 445 3725 exercitatione
464 3653 621 3752 consequi
634 3652 790 3752 poffunt:
805 3651 847 3730 iic
861 3653 965 3728 officii
981 3656 1118 3735 couscr-

157 3760 262 3853 ¹vandi
284 3780 459 3859 praecepta
478 3764 650 3838 traduntur
671 3764 728 3839 illa
741 3764 951 3864 quidem,ut
975 3765 1118 3849 facimus

155 3860 305 3967 ips13sed
327 3870 376 3951 rei
401 3873 599 3970 magnitudo
625 3875 717 3949 usum
739 3899 876 3975 quoque
903 3877 1117 3952 exercitatio·

158 4002 303 4075 nemque
329 3977 497 4056 desiderat.
534 3985 643 4079 Atque
664 3982 706 4055 ab
727 3983 767 4057 iis
786 3985 906 4071 rebuS,
931 4008 1017 4081 quae
1042 3984 1118 4061 suut

153 4085 195 4171 in
214 4086 286 4163 itue
311 4086 474 4165 societatis
499 4089 683 4182 humanae,
701 4091 986 4192 quemadmodum
1011 4093 1116 4169 duca·
