2340 4628
308 693 801 775 stt-srontcos.
983 720 1051 795 491

124 856 256 917 tribunos
268 877 287 915 a
304 856 443 928 Cicerone,
454 853 598 917 Gratidius
617 857 784 930 nominatur,
796 858 943 921 Manutius
957 857 1058 922 Fabri-

126 938 197 998 cius
214 936 266 1020 legi
282 937 387 996 uolebat
398 938 545 1100 ,probante
561 938 715 1013 Lambin05
734 939 863 1001 Gruterus
880 959 965 1001 autern
975 939 1058 1002 Fadii

124 1040 276 1163 ἓοβιιοπιειι
292 1037 374 1100 putat
397 1040 410 1076 e
431 1040 465 1094 e,
482 1019 529 1100 qui
551 1041 581 1079 eo
605 1019 663 1081 loco
677 1022 798 1103 proxime
817 1024 946 1083 antecedit
968 1021 1059 1085 Grati*

72 1195 135 1263 M.
152 1119 439 1269 ι(ιῖῗᾸΤΠΠΛΝΠδ,
456 1196 505 1257 M.
522 1150 643 1257 Gritidii
679 1196 808 1278 uperioris
817 1198 863 1275 fil.
880 1199 1025 1279 adoptatus
1041 1220 1060 1256 a

130 1279 182 1370 Μ.
202 1277 297 1369 Mario
308 1320 319 1352 ,
330 1296 408 1356 eoque
426 1295 475 1336 aut
494 1278 524 1338 C.
535 1197 739 1419 Mariifpties
754 1279 872 1360 consitiis
881 1296 994 1421 patruo,
1012 1296 1061 1336 aut

129 1378 196 1419 etus
209 1376 301 1440 potrus
314 1355 410 1439 fratre.
429 1357 517 1435 Legg.
541 1376 577 1437 3,
610 1378 620 1416 ι
646 1405 654 1420 .
677 1355 768 1419 horno
792 1358 880 1421 turbu
891 1371 983 1420 entus.
1007 1358 1059 1421 Or.

132 1460 154 1501 2
171 1483 182 1513 ,
200 1437 250 1532 (38.
269 1436 305 1499 ab
323 1437 474 1501 Aculeone
496 1437 662 1533 uccusatur,
684 1440 850 1535 defenditur
870 1441 908 1502 ab
925 1441 956 1504 L.
976 1437 1062 1502 Aelio

128 1517 399 1661 itmttsint
420 1522 1064 1680 isti.itii.&sissitztiis

132 1681 276 1760 proponit
297 1680 422 1756 callide,
442 1684 518 1743 &ea
540 1700 570 1742 re
586 1681 795 1760 gratiosissimus
811 1683 853 1750 fit.
878 1683 960 1748 Petit.
978 1682 1063 1747 Cons.

137 1782 167 1845 3.
188 1781 205 1823 a
219 1758 341 1823 Catilina
356 1760 509 1823 crudeliter
527 1762 705 1826 interficitur.

81 1856 283 1933 GRATIUS‚
297 1856 386 1918 Arch.
396 1881 425 1932 4.
437 1856 584 1920 accusator
596 1857 729 1921 Archiae.
747 1861 822 1922 Olim
834 1859 965 1942 legebatur
979 1859 1066 1922 Grac·

137 1938 236 2013 chus,
255 1962 328 2020 quen
349 1941 385 2001 P.
409 1942 557 1999 Manutius
579 1943 694 2022 putabat
712 1941 760 2021 effe
778 1942 951 2004 Numerium
971 1941 1067 2018 Quin.

136 2021 216 2082 tium
236 2019 414 2113 Gracchum,
435 2022 481 2102 qui
504 2022 618 2082 Lentulo
645 2023 784 2104 Spinthere
811 2023 924 2107 Consule
945 2023 1067 2082 tribunus

85 2101 445 2255 T.pi1iiin‚ctuent.
465 2181 512 2243 26.
530 2184 650 2246 Senator
665 2184 749 2247 Rom.
769 2183 859 2246 homo
878 2130 1017 2247 ioriidus.
1034 2201 1062 2243 c.

141 2265 191 2347 36.
216 2283 279 2324 reus
303 2264 339 2324 de
357 2263 477 2325 ambitu.
499 2283 525 2325 c.
543 2286 592 2345 45.
613 2278 730 2326 notatur
750 2285 767 2326 a
788 2264 963 2340 Censoribus
982 2284 1067 2342 prop-

137 2359 187 2407 ter
201 2345 341 2406 iudicium
360 2345 536 2420 Iunianum,
551 2346 582 2406 in
603 2366 661 2424 quo
684 2345 837 2425 pecuniam
860 2345 964 2426 cepisse
984 2363 1068 2433 puta·

91 2426 254 2582 ῦῐξῗῖῗὲ,
276 2507 320 2570 Fr.
349 2526 383 2587 3,
400 2507 428 2568 8.
451 2508 475 2566 ei
495 2508 602 2567 nultum
619 2506 711 2567 tribuit
730 2506 892 2591 Pompeius,
914 2526 1018 2589 eumque
1038 2507 1067 2565 in

137 2591 253 2669 petendo
272 2590 410 2664 confitlutu
431 2608 522 2649 contro
541 2590 674 2648 Milonem
693 2588 772 2649 iuuit.

92 2669 251 2745 cicun,
271 2662 356 2732 offic.
378 2688 411 2751 3,
433 2692 462 2753 9.
483 2669 543 2730 eius
567 2666 698 2730 annulus.

562 2832 602 2896 H.

94 2988 348 3069 HADRIANUS,
368 2997 399 3056 C.
417 2996 528 3057 Fabios.
546 2996 628 3061 Vern·
643 3017 675 3069 r,
688 3017 734 3076 27.
749 3015 763 3078 5
776 3041 785 3071 ‚
801 2995 848 3058 26.
867 2995 983 3058 Praetor
993 2965 1073 3056 Afri-

142 3095 218 3149 cae,
242 3076 360 3153 impune
380 3076 483 3138 Uticae
501 3078 532 3138 in
553 3079 696 3156 praetorio
721 3081 803 3139 vivus
827 3075 863 3137 ab
888 3077 1072 3138 Uticenfibus

144 3155 330 3301 pomubustus,
353 3158 432 3236 quod
454 3160 491 3219 de
510 3161 674 3238 principum
698 3178 771 3220 nece
794 3157 978 3236 conspirasset
1003 3177 1073 3219 cunr

159 3257 242 3299 ervis.

97 3308 380 3386 HAGESARETUS
391 3321 530 3401 Lariffeus.
546 3321 584 3382 ad
599 3321 665 3383 Div.
679 3339 730 3401 13,
743 3340 790 3401 ²5·
800 3317 903 3397 hospes
914 3317 1074 3382 Ciceronis.

96 3415 153 3483 M·
177 3413 369 3477 HALIENUS
395 3413 535 3491 Pelignus.
564 3412 650 3476 Tusc.
673 3435 714 3486 4,
733 3432 780 3473 22.
802 3409 839 3472 ab
861 3409 1001 3472 Africano
1022 3411 1075 3470 mi·

145 3494 212 3557 nori
231 3493 312 3556 scuto
334 3499 479 3574 protessus
498 3496 583 3556 morti
604 3494 730 3572 eripitur.
753 3493 886 3572 Daunius
903 3515 918 3554 e
942 3494 1027 3554 codd.
1046 3491 1075 3551 te

147 3577 286 3656 lapidibus
305 3580 442 3660 reposuit:
463 3577 507 3640 M.
525 3575 668 3638 Allienus

106 3668 328 3746 Brilessus,
344 3671 381 3731 ad
402 3673 440 3750 Q.
456 3670 501 3734 Fr.
525 3692 559 3744 r,
580 3691 605 3732 r.
625 3689 650 3752 3.
670 3668 781 3748 legatus
796 3669 834 3747 Q
847 3667 1005 3731 Ciceronis.
1023 3666 1079 3726 Sed

148 3751 196 3812 ltic
215 3774 316 3847 quoque
338 3754 451 3832 Ursinus
473 3749 605 3813 Allienus
629 3753 751 3816 mutat.
771 3752 845 3814 alii:
867 3750 998 3814 Alienus·
1022 3746 1076 3811 Al·

152 3829 224 3892 lieni
247 3835 326 3893 etiam
336 3836 421 3917 supra
442 3836 628 3895 commemorati
643 3836 719 3917 fient.

103 3924 359 4000 HAHMETUS,
375 3929 436 3990 Att.
455 3950 492 4003 4,
510 3949 554 3987 12.
564 3928 593 4006 fi
610 3949 672 3988 uera
688 3928 722 4008 esl
738 3927 820 3990 lessio·

104 4017 337 4093 Histricis,
348 4016 711 4095 Carthagitriensts,Divin.
729 4038 740 4077 1
754 4062 764 4092 ,
780 4040 828 4095 2⁴·
844 4017 906 4078 eius
921 4013 1076 4086 somnium,

151 4099 184 4160 in
204 4098 352 4160 obsidione
366 4099 577 4179 Syracusarum.
598 4120 615 4161 a
632 4097 811 4179 syracusanis
826 4100 909 4164 vivus
925 4095 1036 4175 capitur
1050 4097 1081 4156 in

154 4181 310 4259 eruptione
332 4179 436 4261 aliqua.
