2340 4628
292 410 301 437 t

362 653 439 728 nt
485 655 793 739 interret.-
897 760 910 772 .
984 678 1052 758 235

84 812 329 891 corroboratis
351 817 417 891 iam
434 818 703 919 confirmatisque
722 837 755 892 et
772 808 933 918 ingeniis}
949 841 984 895 ct
996 844 1054 922 ac·

86 925 233 1019 ratibus,
256 928 449 1006 iudicandae
468 932 563 1018 sunt;
585 958 647 1005 nec
660 987 672 1022 ‚
686 931 781 1029 siqui
797 932 931 1007 ineunte
951 947 1056 1007 aetate

87 1039 264 1130 venandi,
288 1062 344 1114 aur
364 1042 449 1137 pilae
470 1040 763 1133 studiofisuerint,
779 1064 840 1116 eos
859 1040 979 1114 habuc
993 1063 1055 1113 nea

89 1143 250 1222 cerarios
271 1168 421 1248 oportet,
438 1175 525 1248 quos
542 1168 612 1223 tum
625 1150 746 1223 eodem
764 1148 874 1223 studio
888 1149 1060 1247 praeditos·

90 1252 293 1332 dilexerunt.
315 1259 380 1333 isto
398 1259 488 1332 enim
514 1260 620 1333 modo
644 1259 788 1333 nutrices
810 1278 846 1332 et
871 1252 1055 1355 paedagogi

90 1359 163 1436 iure
178 1366 347 1442 vetustatis
359 1368 540 1466 plurimum
553 1369 805 1443 benevolentiae
821 1367 1052 1466 postulabun13

91 1473 153 1567 qui
167 1476 354 1573 negligendi
376 1478 512 1575 quidem
535 1503 605 1551 non
623 1478 720 1564 sunt,
738 1477 795 1552 sed
817 1479 882 1551 alio
903 1477 1053 1576 quodam
1113 1484 1117 1491 '

36 1582 42 1597 '
92 1583 205 1656 modo
229 1587 382 1662 colendi:
412 1588 504 1661 aliter
526 1589 689 1665 amicitiae
712 1589 837 1675 stabiles
860 1608 1053 1685 permanere

92 1716 166 1763 non
179 1695 323 1792 possunt.
349 1692 507 1793 Dispares
525 1699 614 1771 enim
635 1723 768 1788 mores,
784 1696 924 1793 disparia
947 1694 1054 1767 studia
1097 1692 1111 1717 ⁶

90 1796 298 1897 sequuntur,
312 1830 457 1902 quorum
474 1806 702 1882 dissimilitudo
713 1806 863 1895 dissociat
875 1804 1054 1891 amicitiast

91 1931 154 1982 nec
178 1913 226 1982 ob
249 1912 344 1986 aliam
366 1914 493 2002 causam
517 1916 619 1988 ullam
645 1917 749 2006 boni,
766 1906 956 2013 improbis3
983 1913 1051 1987 im‘-
1080 2002 1084 2007 ¹

92 2019 218 2114 probi,
231 2021 330 2096 bonis
345 2024 443 2096 amici
455 2023 520 2097 else
539 2050 607 2097 non
623 2025 768 2121 poliunt,
783 2025 842 2095 nist
854 2025 947 2122 qnod
960 2043 1050 2098 tanta

91 2130 139 2204 cll
158 2133 247 2205 inter
267 2158 349 2221 εοε,
372 2152 492 2230 quanta
510 2131 655 2206 maxima
679 2133 786 2232 potest
808 2134 895 2225 effe,
916 2160 1051 2219 morum

92 2239 345 2340 studiorumque
368 2242 524 2315 distantia.
550 2246 648 2316 Recte
665 2247 763 2317 etiam
784 2244 928 2342 praecipi
942 2245 1050 2343 potest
1068 2272 1098 2321 75

89 2352 124 2424 in
146 2352 318 2444 amicitiis,
334 2378 376 2425 ne
394 2353 608 2447 intemperata
633 2355 793 2449 quaedam
818 2355 1052 2428 benevolentia

91 2463 209 2559 (quod
225 2463 378 2560 persaepe
396 2462 458 2557 stt)
472 2463 632 2557 impediat
652 2486 785 2560 magnas
799 2464 952 2538 utilitates
964 2467 1051 2538 ami·
1115 2459 1130 2537 ’.

90 2596 221 2643 corum.
249 2596 310 2644 nec
336 2572 423 2644 enim
439 2571 502 2669 (ut
520 2571 562 2641 ad
583 2569 707 2643 fabulas
732 2570 889 2676 redeam)
911 2575 1051 2650 Troiam

91 2684 335 2781 Neoptolemus
348 2711 465 2781 capere
478 2684 653 2782 potuisset,
667 2684 949 2783 srtLycomedem‚
961 2691 1050 2786 apud

91 2819 194 2891 quem
207 2815 278 2865 erat
296 2794 475 2885 educatus,
491 2794 601 2867 multis
616 2820 692 2866 cum
707 2795 867 2893 lacrymis
880 2795 941 2869 iter
954 2797 1048 2876 suum

90 2902 353 3001 impedientem,
381 2905 494 2975 audire
519 2904 684 2978 voluisset.
718 2924 751 2978 et
777 2906 870 3003 saepe
897 2907 1049 2987 incidunt

93 3018 232 3111 magnae
250 3037 319 3102 res,
333 3031 370 3085 ut
391 3013 619 3086 discedendum
634 3014 671 3087 fit
685 3017 727 3088 ab
738 3016 875 3091 amicis:
895 3046 974 3116 quas
991 3025 1051 3120 qui

92 3124 255 3221 impedite
271 3122 343 3197 vult
356 3175 368 3210 ,
381 3125 472 3219 qnod
491 3123 686 3197 desiderium
702 3150 771 3196 non
791 3126 888 3200 facile
906 3129 1008 3219 serat,
1022 3133 1051 3203 is

92 3253 124 3307 et
145 3232 298 3307 infirmus
319 3231 365 3304 eti
387 3234 559 3330 mollisque
581 3253 764 3319 natura,et
782 3235 829 3305 ob
847 3259 921 3305 eam
945 3236 1048 3331 ipsam

92 3345 223 3417 causam
242 3344 276 3415 in
296 3343 440 3416 amicitia
460 3368 576 3439 parum
598 3341 709 3414 iustus.
736 3346 846 3437 Atque
861 3343 894 3413 in
907 3345 999 3416 omni
1013 3369 1048 3418 te
1066 3363 1099 3428 76

92 3452 366 3528 considerandum
389 3451 456 3541 ell,
477 3470 510 3524 et
531 3452 610 3549 quid
633 3449 779 3548 postules
801 3451 843 3521 ab
864 3450 996 3543 amico,
1015 3476 1049 3527 et

91 3567 176 3664 quid
193 3564 316 3659 patiare
329 3589 349 3635 a
363 3584 395 3637 te
405 3563 585 3661 impetrari.

138 3674 195 3748 Est
209 3676 308 3749 etiam
325 3676 412 3773 quasi
428 3673 587 3772 quaedam
604 3670 766 3746 calamitas
781 3670 816 3744 in
830 3671 982 3748 amicitiis
996 3675 1046 3750 di·
1069 3700 1119 3749 zu

91 3784 262 3858 mittendis
281 3809 520 3881 nonnunquam
543 3781 737 3855 necessaria:
759 3783 824 3855 iam
849 3783 974 3856 enima
996 3785 1048 3858 sa·
1149 3841 1153 3847 .

90 3897 253 3993 pientium
270 3895 539 3967 familiaritatibus
550 3892 590 3963 ad
605 3892 754 3988 vulgares
767 3893 927 3967 amicitias
940 3895 1048 3968 oratio

90 4005 200 4076 notlta
209 4006 381 4079 delabitur.
394 4008 579 4098 Erumpunt
587 4001 679 4097 saepe
689 4001 768 4076 vitia
776 4003 960 4079 amicorum
971 4029 1049 4075 cum

70 4168 74 4175 -
90 4116 126 4194 in
141 4119 232 4219 ipsos
248 4116 374 4192 amicos
379 4169 393 4209 ,
405 4139 478 4192 tum
497 4115 533 4187 in
551 4110 696 4200 alienos3
709 4135 857 4215 quorum
877 4131 988 4187 tamen
1006 4110 1049 4183 ad
