2340 4628
333 626 411 717 οι
444 624 748 709 tutctrtt.
938 592 1051 739 ἰη’

54 788 117 885 set,
135 812 172 871 et
185 792 223 869 in
244 794 324 895 ipse
329 796 495 873 seneflute
512 822 592 897 pree
609 797 728 871 ceteris
742 790 934 875 floruisset·
922 802 1021 891 ‘litt

55 926 131 991 uun
150 908 390 1007 recepissemus
404 934 424 983 ι
436 911 596 1007 putribus,
609 908 755 983 maxime
771 894 1023 987 memorabilem

56 1010 95 1089 C.
110 1014 217 1093 laelii
239 1024 334 1097 eti’.
357 1016 521 1121 Scipionis
546 1020 797 1096 familiaritatem
811 1020 925 1113 sitisse,
944 1012 1025 1099 ido·

8 1168 19 1225 .·
58 1146 117 1197 ore
131 1126 216 1201 mihi
229 1131 332 1205 laelii
343 1130 481 1229 persona
495 1129 564 1201 visu
582 1122 653 1218 eti,
664 1152 749 1227 quae
766 1128 808 1201 de
827 1128 971 1221 amititia
984 1154 1025 1205 et

8 1266 22 1323 ᾗ
57 1227 325 1329 ipsfldiss'etetet,
337 1263 423 1337 quoe
437 1238 596 1335 disputata
608 1234 650 1309 ab
664 1260 709 1310 eo
723 1216 1025 1314 meminissetScre»

9 1426 12 1431 ¹
58 1340 147 1415 volu.
170 1346 409 1447 Genutoutem
423 1346 490 1418 boc
514 1344 703 1419 sermonum
715 1342 915 1443 ,positum
905 1370 941 1417 ιο
957 1345 1024 1420 ito·

58 1450 183 1527 ninum
203 1474 356 1530 veterum
375 1436 594 1541 triburium,
615 1474 649 1528 et
676 1478 795 1529 eorum
828 1453 1023 1547 illustrium,

57 1562 148 1655 pius,
170 1565 284 1639 nescio
301 1590 372 1663 quo
392 1568 512 1664 patio,
536 1562 674 1639 videtur
699 1563 820 1637 iubere
840 1563 1047 1663 gravitatis..

57 1671 253 1773 itaqueip'se
265 1698 339 1749 mer
353 1677 486 1775 legem,
500 1676 546 1749 stc
563 1664 691 1747 afficior
706 1671 891 1765 interdum,
911 1691 948 1746 ut
960 1672 1024 1747 c»

55 1802 190 1877 tonem,
205 1812 277 1863 non
293 1814 346 1863 me
363 1790 456 1890 loqui
470 1789 665 1865 existimem.
696 1788 761 1863 Sed
779 1805 901 1862 utrum
914 1788 957 1861 ad
970 1786 1051 1863 sert

56 1920 131 1969 rtem
150 1898 251 1972 senex
275 1900 319 1974 de
339 1900 519 1988 senestute,
543 1896 586 1972 stc
603 1902 671 1973 hoc
692 1900 781 1973 libro
806 1900 850 1971 tt
873 1898 1033 2003 amicum.

54 2010 267 2086 amicissimus
282 2012 325 2086 de
342 2012 485 2087 anudtit
501 2010 623 2109 scripsi.
647 2013 738 2085 Tum
752 2008 800 2085 eb
813 2010 902 2085 Crto
922 2010 1020 2085 locu*

54 2138 125 2208 tus,
143 2134 217 2221 q'uo
236 2141 306 2195 erat
320 2146 420 2196 nemo
433 2122 501 2197 fere
511 2124 619 2200 senior
642 2120 847 2218 temporibus
859 2116 945 2212 iilis,
962 2144 1020 2195 ne·

54 2258 111 2305 mo
136 2228 359 2328 prudentior:
381 2258 469 2309 nunc
484 2235 628 2321 trelius,
646 2256 680 2307 et
699 2232 823 2330 sapiens
842 2230 914 2332 (fic
928 2232 1019 2305 enim

53 2341 98 2414 est
118 2341 337 2442 habittts)et
303 2346 522 2419 etamicitiae
541 2346 645 2443 gloria
671 2336 852 2433 exceliens,
871 2344 914 2417 de
935 2346 1019 2418 ami

52 2449 127 2522 citit
158 2450 317 2549 loquitur.
353 2452 409 2525 Tu
432 2453 534 2524 velim
560 2449 744 2523 animuma
767 2474 820 2522 me
843 2474 1019 2550 parumper

52 2580 206 2649 avertas,
221 2562 368 2636 Laelium
383 2558 478 2660 ioqui
499 2560 604 2660 ipsum
627 2560 1018 2659 putet.CFann1uset

52 2671 97 2761 Q.
112 2667 246 2742 Mucius
263 2656 305 2743 ati
323 2660 475 2744 socerum
505 2668 641 2744 veniunt
664 2667 738 2766 posi
761 2686 904 2742 mortem
929 2615 1019 2744 Asti-
1035 2700 1039 2729 ι

52 2777 144 2850 erni:
168 2777 211 2849 ab
224 2778 275 2850 his
298 2778 406 2852 sermo
427 2779 544 2853 oritur.
571 2778 748 2876 respondet
760 2775 910 2850 [aestus
922 2776 1016 2853 cuius

53 2897 121 2955 totu
132 2881 309 2979 disputatio
322 2882 368 2958 esi
381 2885 425 2960 de
442 2886 585 2962 amicitie
594 2939 606 2979 ,
619 2910 716 2985 quem
729 2884 841 2987 legens
852 2904 887 2959 tu
902 2901 935 2959 te
948 2884 1016 2985 ipse

52 2989 246 3087 cognosces.

99 3105 260 3176 fannius.
278 3101 359 3176 Sunt
372 3100 450 3194 isia,
464 3100 563 3179 Laeli.
576 3127 636 3181 nec
651 3104 740 3178 enim
753 3103 873 3178 melior
885 3101 940 3177 vir
952 3102 1016 3177 suit
1033 3131 1054 3179 u

51 3208 217 3285 Africano
230 3211 426 3309 quisquam,
442 3238 503 3286 nec
516 3213 646 3286 clarior.
665 3214 729 3285 Sed
750 3210 935 3285 existimare
952 3213 1047 3283 ἀοι

52 3317 296 3408 &morutium
318 3320 436 3395 oculos
458 3320 493 3391 in
510 3338 543 3392 te
565 3319 630 3393 esse
645 3318 840 3391 coniectos:
862 3341 964 3388 unum
980 3333 1016 3391 te

50 3426 233 3527 sapientem
248 3446 282 3501 et
295 3428 461 3525 appeliant
474 3448 507 3501 et
518 3426 714 3500 existimant.
730 3424 935 3497 tribuebatur
949 3427 1015 3502 hoc

51 3539 159 3613 modo
178 3542 226 3612 M.
245 3540 378 3612 Catoni.
394 3540 512 3611 scimus
529 3542 565 3611 i.
577 3537 712 3613 Atilium
728 3537 818 3634 opud
831 3554 936 3633 patret
950 3564 1013 3612 no·

50 3644 134 3721 strot
162 3646 361 3745 appeliatum
386 3647 451 3721 esse
475 3647 668 3744 sapientem.
704 3646 760 3719 sed
780 3666 919 3744 uterque
944 3647 1012 3721 atio

51 3757 197 3857 quodam
213 3756 341 3828 motio:
356 3756 489 3844 Atilius,
502 3755 581 3855 quia
595 3756 737 3853 prudent
753 3748 819 3827 esse
831 3753 866 3825 in
880 3753 950 3827 iure
963 3754 1012 3830 ci-

49 3868 112 3941 viti
138 3867 333 3965 putabatur3
352 3867 461 3953 Cato.
482 3867 558 3966 quia
584 3865 758 3938 muitarum
783 3886 895 3939 rerum
915 3865 1011 3940 usum

47 3973 214 4065 babebat,
229 3976 399 4072 multaque
420 3976 489 4049 eius
508 3992 542 4046 et
560 3975 594 4047 io
615 3980 747 4065 senatu,
760 3993 794 4047 et
810 3975 846 4049 in
861 3973 940 4047 soro
954 3975 1011 4048 vei

46 4085 397 4185 provisa-prudenter,
412 4085 468 4162 tel
482 4084 555 4159 asia
568 4084 755 4159 constanter
762 4136 776 4176 ,
790 4086 845 4161 vel
856 4084 1013 4182 responsu
