2340 4628
66 39 1162 319 m

163 662 212 738 88
416 665 505 740 DE
551 664 907 756 oeetctts

161 849 228 923 que
248 823 284 898 in
301 849 385 925 agro
402 829 510 903 viram
531 826 664 927 agenti,
678 827 804 924 ⁴opinio
819 826 959 901 iustitiae
977 824 1124 900 moeurs
1154 824 1162 843 ⁸

160 935 211 1006 ria
228 933 418 1034 est3eoque
434 937 535 1010 etiam
550 934 784 1034 magis,quod
802 935 829 1007 fi
846 959 921 1009 earn
940 933 1123 1009 nonhabe·

162 1045 261 1130 bunt‚
270 1046 381 1119 iniusti
396 1047 624 1120 habebuntur:
637 1045 734 1119 nullu
745 1044 913 1142 praefidiis
925 1042 1027 1142 septi,
1037 1041 1124 1116 mul·

111 1187 146 1235 40
162 1152 205 1225 tis
217 1152 403 1228 afficientur
417 1153 553 1227 iniuriis.
578 1161 688 1251 Atque
703 1152 743 1227 iis
754 1153 871 1244 etiam,
885 1152 947 1251 qni
957 1152 1124 1239 vendunt,

160 1279 298 1349 emunt,
313 1264 522 1352 conducunt,
535 1263 669 1349 locant,
694 1260 993 1358 contrahendisque
1015 1281 1122 1357 nego·

162 1371 218 1446 tiis
236 1373 465 1470 implicantur,
478 1376 599 1448 iustitia
618 1373 661 1446 ad
683 1399 754 1447 rem
773 1373 951 1472 gerendam
974 1360 1122 1445 nec‘effr·

163 1481 212 1553 ria
233 1479 289 1554 est.
309 1483 405 1556 cuius
423 1502 513 1555 tanta
538 1483 590 1556 vis
611 1480 677 1569 est,
691 1501 730 1555 ut
753 1505 797 1555 ne
816 1479 865 1552 illi
882 1480 1043 1578 quidem,
1063 1475 1121 1577 qui

163 1592 330 1665 maleficio
347 1615 381 1665 et
396 1593 514 1668 scelere
530 1591 727 1688 pascuntur,
740 1590 863 1691 polliot
876 1590 948 1664 fune
964 1590 1031 1663 ulla
1050 1614 1122 1688 par·

161 1704 264 1777 ricula
282 1702 421 1777 iustitiae
438 1703 565 1777 vivere.
584 1727 660 1774 nam
674 1703 734 1800 qui
748 1726 867 1779 eorum
885 1702 1052 1799 cuipiam,
1064 1699 1134 1799 qui

163 1838 228 1887 una
239 1812 477 1887 latrocinantur
489 1868 500 1903 ,
513 1813 640 1887 furatur
658 1814 804 1912 aliquid,
816 1830 873 1886 aut
888 1813 1011 1910 eripit,
1022 1813 1052 1888 is
1063 1811 1120 1887 fibi

164 1947 208 1996 ne
220 1922 255 1994 in
273 1921 448 1998 latrocinio
461 1924 597 2021 quidern
616 1923 770 2022 relinquit
784 1922 919 2009 locum}
932 1923 988 1996 ille
998 1941 1123 2011 amem,
1151 1926 1160 1945 '

164 2032 226 2131 qui
237 2030 430 2131 archipirata
442 2032 578 2123 dicitur,
592 2033 650 2105 niti
662 2032 877 2131 aequabiliter
887 2031 1044 2130 praedam
1056 2031 1122 2115 dif-

166 2144 309 2241 pertiat,
333 2162 390 2215 atrt
412 2141 628 2217 interficiatur
649 2169 668 2215 a
692 2142 812 2228 sociis,
832 2160 888 2214 aut
909 2135 1124 2238 relinquamrl

127 2330 132 2341 ,
163 2254 243 2353 quin
255 2252 351 2324 etiam
362 2253 449 2351 leges
458 2252 622 2326 latronum
633 2252 697 2326 effe
710 2252 878 2343 dicuntur,
891 2250 1120 2348 quibu-pare·

165 2382 246 2452 ant,
273 2388 355 2461 quas
380 2363 567 2437 observent.
615 2365 727 2460 ltaque
754 2380 892 2457 propter
919 2359 1122 2456 aequabilem

165 2471 306 2569 praedae
315 2471 541 2568 partitionem,
552 2491 585 2546 et
595 2472 745 2571 Bardylis
756 2469 887 2568 Illyrius
895 2469 994 2559 latro,
1002 2470 1044 2543 de
1053 2493 1122 2569 quo

165 2584 213 2658 est
238 2583 327 2679 apud
351 2583 643 2680 Theopompum,
669 2607 802 2681 magnas
821 2606 904 2678 opes
930 2581 1069 2669 babuit;
1091 2598 1124 2656 et

166 2692 273 2764 multo
293 2689 435 2763 maiores
447 2691 591 2765 Viriatus
605 2691 793 2777 lusitanum
806 2689 864 2765 cui
875 2690 1012 2788 quidem
1025 2691 1123 2765 etiam

167 2799 328 2871 exercitus
351 2797 453 2871 nostri
467 2795 750 2897 imperatoresque
763 2799 948 2875 cesserunt:
961 2827 1064 2901 quem
1084 2804 1126 2879 C.

166 2909 377 2997 Laelius‚is,
394 2909 454 3004 qui
468 2907 593 3004 sapiens
613 2908 809 3006 usurpatur,
825 2930 961 3008 praetor
979 2912 1077 3014 fregit
1089 2933 1124 2987 et

166 3016 388 3103 comminuit,
401 3015 674 3115 ferocitatemque
691 3019 761 3092 eius
782 3021 826 3092 ita
845 3019 1011 3118 repreffit,
1024 3039 1062 3095 ut
1074 3020 1124 3094 fa·

168 3132 231 3207 tile
256 3129 378 3203 bellum
396 3125 530 3224 reliquis
554 3128 705 3201 traderet.
733 3130 821 3202 Cum
844 3129 945 3228 igitur
969 3145 1059 3203 tanta
1073 3130 1123 3203 vis

166 3241 305 3321 iustitiae
321 3238 360 3316 stt
369 3290 381 3334 ‚
392 3260 427 3315 ut
444 3264 484 3313 ea
501 3237 598 3312 etiam
620 3237 788 3313 latronum
802 3263 885 3336 opes
901 3237 1013 3313 firmet
1024 3258 1124 3339 atque

167 3369 306 3450 augeat,
324 3366 481 3447 quantam
496 3346 568 3424 eius
585 3347 655 3423 vim
675 3349 760 3451 inter
778 3348 865 3446 leges
885 3362 919 3420 et
939 3346 1124 3436 iudicia,in

108 3486 150 3535 12
168 3460 341 3534 constituta
361 3458 530 3557 republica
561 3456 636 3534 fore
661 3456 845 3556 putamus?
878 3456 965 3529 Mihi
986 3457 1123 3556 quidem

119 3598 149 3647 41
169 3593 238 3640 non
254 3568 342 3663 apud
356 3568 474 3644 Medos
488 3568 609 3660 folum,
624 3585 661 3641 ut
673 3570 716 3642 ait
731 3568 944 3659 Herodotus,
958 3568 1123 3643 sedetiam

167 3674 255 3772 apud
276 3672 417 3746 maiores
440 3673 592 3762 unstrot,
617 3674 756 3750 iustitiae
773 3674 932 3750 fruendae
950 3677 1045 3767 causa
1070 3678 1126 3749 vi·

166 3786 285 3857 dentur
304 3781 384 3854 olim
400 3781 482 3857 bene
505 3782 626 3856 morati
645 3807 740 3881 reges
753 3781 932 3856 constituti.
947 3785 1034 3856 Nam
1048 3808 1126 3859 cum

167 3907 372 3992 premeretur
383 3890 481 3988 inops
498 3892 677 3967 multitudo
688 3892 730 3965 ab
744 3890 802 3983 iis,
815 3893 872 3990 qui
888 3893 1032 3969 maiores
1046 3916 1127 3992 oper

23 4034 25 4038 ⁴
168 3998 349 4087 habebam
368 4002 410 4075 ad
428 4029 530 4078 unum
556 4005 701 4104 aliquem
725 4003 986 4104 confugiebant,
1005 4006 1127 4081 virtute

74 4172 85 4195 ,
170 4111 404 4217 praestantem:
419 4116 477 4216 qui
498 4142 575 4192 etun
593 4117 787 4214 protuberet
803 4108 924 4195 iniuria
939 4118 1128 4212 tenuiores,
