2340 4628
343 654 582 730 'tinen
628 658 711 729 ιιι.
966 682 1033 755 ,4,

60 836 98 892 et
118 815 203 917 quid
227 812 315 891 milri
333 815 508 908 videatur,
522 835 555 894 et
571 843 657 916 quae
676 818 715 890 sit
734 819 821 893 inter
837 842 898 894 eor
919 819 1032 918 philo·

62 929 193 1027 sophos
204 983 216 1021 ,
229 952 319 1028 quos
330 927 526 1019 nominavi,
539 929 776 1005 controversia.
793 932 888 1006 Palla
899 953 936 1006 et
947 956 1031 1029 pro·
1052 950 1099 1025 ιι

65 1035 157 1111 milla
168 1035 347 1135 semperne
359 1035 516 1111 servanda
528 1035 611 1125 sint,
625 1060 710 1134 quae
722 1061 785 1110 nec
799 1037 835 1112 vi
848 1088 861 1123 ,
874 1060 937 1111 nec
949 1036 1033 1111 dolo

65 1149 156 1223 malo
172 1148 244 1251 (ιιι
258 1165 427 1247 praetores
444 1144 582 1246 solent)
603 1147 688 1220 salla
709 1146 796 1222 srntl
810 1148 845 1221 si
863 1146 937 1245 quis
961 1171 1034 1223 me·

65 1256 292 1333 dieamentunr
311 1256 457 1356 cuipiam
475 1254 607 1332 dederit
624 1256 801 1355 adaquant
814 1256 1035 1343 intercutem,

63 1365 318 1469 pepigeritque,
333 1390 376 1439 ne
397 1365 456 1439 illo
477 1365 723 1439 medicamento
746 1389 894 1463 unquam
919 1363 1034 1461 postea

66 1492 240 1549 uteretur:
262 1474 286 1547 fi
305 1498 349 1549 eo
367 1473 611 1551 medicamento
631 1472 727 1548 sanus
741 1474 843 1548 sadus
860 1473 980 1555 suerin
999 1490 1035 1546 et

65 1585 159 1659 annis
186 1584 317 1685 aliquot
341 1584 417 1683 poll
442 1585 600 1663 inciderit
622 1587 658 1659 in
680 1586 823 1660 eundem
848 1584 1033 1670 morbum.;

65 1718 125 1769 nec
143 1694 189 1767 ab
210 1718 273 1787 eo,
293 1697 429 1795 quicum
449 1697 641 1796 pepigerat,
661 1695 840 1794 impetret,
853 1713 893 1769 ut
908 1695 1031 1768 iterum

64 1825 107 1877 ιο
118 1804 219 1881 liceat
234 1807 302 1893 uti,
314 1806 397 1905 quid
409 1806 669 1885 faciendumst?
686 1808 775 1880 Cum
789 1804 827 1879 lit
839 1805 868 1879 is
878 1805 1031 1878 inhuma-

65 1940 143 2006 nus,
155 1916 217 2013 qui
231 1942 304 1991 non
316 1917 481 2007 concedat
496 1919 566 2011 uti,
579 1944 641 1993 nec
659 1918 692 1992 ei
704 1916 886 2017 quidquam
902 1914 959 1988 siat
975 1915 1030 1989 in·
1091 2001 1093 2005 ¹

65 2025 198 2111 iuriae·
221 2027 363 2101 vitaret
382 2026 475 2121 saluti
495 2029 747 2104 consulendum.
776 2028 897 2122 Quid?
921 2027 1032 2125 siquis
1047 2066 1080 2119 9,

63 2132 192 2232 sapiens
206 2156 341 2237 rogatus
358 2138 396 2211 fit
413 2115 455 2211 ab
471 2164 516 2212 eo
526 2140 610 2238 ,qui
628 2165 704 2213 eum
728 2138 890 2212 heredem
904 2137 1031 2227 saciat,

62 2269 139 2319 cum
160 2245 195 2318 ei
218 2246 415 2321 testamento
428 2247 604 2355 sestertium
621 2249 739 2321 millies
757 2249 976 2347 relinquatur,
993 2268 1030 2320 ut

62 2379 138 2428 ante
153 2379 255 2453 quarn
273 2356 487 2432 hereditatem
501 2333 616 2448 adeat,
630 2359 704 2432 luce
715 2358 844 2455 palam'
836 2384 869 2430 m
884 2359 962 2433 foro
972 2360 1030 2433 sal·

62 2483 120 2555 tet,
134 2466 239 2564 idque
249 2467 282 2541 se
294 2467 453 2541 fadurum
468 2466 670 2565 promiserit,
680 2468 774 2562 quod
785 2466 879 2537 ahter
887 2489 963 2537 eum
975 2466 1032 2539 he·

63 2578 178 2652 redem
195 2578 373 2676 scripturus
390 2579 444 2653 ille
460 2604 529 2651 non
546 2577 646 2664 ellet3
666 2575 783 2663 faciat,
795 2575 887 2673 quod
907 2575 1032 2672 promi·

62 2687 160 2776 serit,
175 2689 307 2762 necne?
322 2688 506 2763 Promisisse
522 2688 665 2778 nollem,
679 2704 714 2760 et
726 2686 761 2758 id
778 2685 921 2758 arbitror
934 2683 1031 2759 fuisse

62 2794 244 2896 gravitatis.
267 2794 322 2868 sed
343 2796 502 2893 quoniam
525 2796 738 2896 promisit,fi
762 2799 927 2897 saltarein
951 2796 1031 2872 sbro

62 2930 161 3005 turpe
171 2907 289 2994 ducet,
302 2905 470 2982 honestius
484 2910 680 2999 mentietur,
694 2911 719 2984 sr
736 2936 779 2984 ex
789 2910 969 2985 hereditate
984 2909 1032 2982 ni·

62 3018 109 3090 hil
123 3014 255 3115 ceperit
269 3042 278 3087 ι
291 3016 350 3088 nili
365 3015 455 3091 sorte
477 3045 550 3094 eam
576 3021 753 3120 pecuniam
768 3021 802 3095 in
826 3021 1031 3119 reipublicae

62 3152 222 3225 magnum
248 3127 384 3224 aliquod
404 3146 533 3227 tempus
553 3130 755 3220 contulerit;
781 3148 819 3203 ut
843 3132 898 3203 vel
916 3130 1031 3202 saltare

61 3263 251 3325 eum,cum
265 3238 390 3336 patriae
406 3243 615 3316 consulturus
629 3243 687 3331 stt,
700 3261 796 3336 turpe
818 3263 888 3310 non
909 3239 959 3312 fit.
982 3242 1034 3313 Ac
1052 3266 1092 3341 25

62 3372 105 3420 ne
125 3347 183 3420 illa
212 3347 348 3446 quidem
372 3351 530 3447 promill'a
555 3351 715 3424 servanda
732 3348 828 3434 sunt,
851 3373 938 3445 quae
962 3372 1031 3421 non
1048 3383 1081 3432 9,

64 3458 140 3530 sunt
157 3457 198 3531 iis
216 3457 293 3554 ipsis
311 3459 427 3550 utilia,
442 3462 564 3560 quibus
577 3462 629 3531 illa
642 3458 844 3556 promiseris.
859 3458 915 3530 Sol
930 3459 1033 3531 Phae·

64 3567 176 3640 thonri
200 3565 272 3639 silio
286 3565 304 3666 (
320 3587 358 3640 ut
377 3571 547 3644 redeamus
565 3571 607 3642 ad
627 3565 783 3691 fabular)
806 3567 980 3642 sadlurum'
998 3567 1032 3642 se

63 3675 129 3749 effe
143 3675 231 3750 dixit
241 3677 432 3776 ,quidquid
447 3679 607 3777 optasset:
624 3677 774 3776 optavit,
788 3694 825 3753 ut
847 3677 881 3751 in
895 3704 1032 3757 currum

64 3790 166 3886 patris
179 3791 372 3865 tolleretur:
388 3792 529 3866 sublatus
540 3793 602 3867 eli
593 3792 866 3890 ,atqueinsanuq
875 3819 940 3893 qua
950 3816 1033 3872 con

62 3899 165 3992 slitit,
178 3901 245 3976 iau
261 3901 411 3977 fulminis
436 3903 641 4003 deflagravit.
668 3904 806 3997 Quanto
828 3906 947 3980 melius
960 3891 1031 3981 fud·

64 4032 138 4104 rat,
151 4013 185 4089 in
209 4015 299 4103 hoc,
320 4015 523 4112 promissum
543 4015 644 4113 patris
666 4041 736 4089 non
753 4014 818 4091 effu
836 4014 1033 4091 servatum?

64 4067 175 4220 Quid,
188 4123 289 4225 quod
307 4122 456 4198 Theseus
477 4123 586 4222 exegit
608 4123 803 4221 promillurn
817 4149 835 4196 a
850 4125 1038 4220 Neptuno?

722 4224 959 4316 Kp·
