2340 4628
70 39 1098 327 ι-

166 646 216 722 3⁴
406 618 446 694 D
471 622 501 694 E
547 620 585 694 0
607 622 634 693 F
654 621 682 693 t
706 622 722 693 l
744 617 777 692 C
798 623 817 694 l
840 622 903 694 lS

165 781 1098 884 nanqu·see1niras;fiquidemnecrnxiifinnism

163 891 1098 992 etcumgravitareconllantiaquevifluriQrueeosac

163 999 1098 1101 umatumphilosopmuoninumdnpaeminer

163 1139 238 1187 rum
259 1109 738 1211 reaquesomnaferiat,
762 1131 797 1184 et
816 1111 1019 1209 qrontinus
1034 1115 1098 1186 mu

162 1226 205 1299 tir
227 1226 326 1300 reue
345 1242 467 1322 egent3
486 1240 521 1294 et
544 1221 640 1320 quia,
659 1220 684 1293 fi
706 1222 790 1320 quid
810 1223 940 1296 adverti
959 1225 1097 1299 eveniat

111 1356 143 1410 π
162 1354 229 1409 tarn
254 1333 400 1433 graviter
427 1332 547 1408 cadere
570 1357 643 1404 non
665 1329 809 1456 poliunt.
851 1331 1022 1425 Quocirca
1050 1356 1098 1406 no

160 1442 229 1521 line
251 1444 345 1518 causa
367 1443 514 1516 maiores
535 1464 649 1514 motus
672 1443 863 1513 animonrm
887 1443 1098 1517 concitantur

160 1551 537 1678 maioraqueefficienda
545 1551 783 1676 rempublicam
798 1553 1007 1678 gerentibtu,
1016 1579 1098 1652 quar

159 1662 305 1760 qruetir·
322 1685 395 1760 quo
415 1660 521 1759 magis
539 1659 591 1732 his
607 1681 642 1734 et
662 1647 861 1759 magnitudo
880 1663 984 1736 anion
973 1660 1045 1736 est
1058 1664 1098 1738 ad

159 1773 323 1863 hibenda,
340 1770 536 1847 etvauutas
555 1770 598 1842 ab
612 1770 804 1868 angoribus.
829 1771 888 1844 Ad
904 1796 978 1844 rem
998 1796 1098 1871 geren

129 1868 134 1877 ⁴
158 1882 236 1956 dnm
255 1897 366 1957 artem
382 1905 441 1979 qur
430 1879 606 1969 accedit,
626 1896 762 1969 caveat,
780 1905 823 1954 ne
843 1881 888 1955 id.
901 1881 1010 1955 modo
1033 1906 1098 1956 oon

158 1988 293 2076 fideret,
305 2013 403 2087 quam
423 1988 478 2059 illa
489 2012 541 2060 res
563 1987 700 2062 bonella
714 1991 773 2074 fir,
789 1990 846 2064 sed
865 1990 988 2081 eriam,
1004 2010 1046 2065 ut
1057 1993 1098 2066 lta

158 2097 409 2173 beatefficiendi
431 2096 635 2173 facultatem.
659 2099 695 2174 in
717 2124 790 2199 quo
813 2100 888 2201 ipso
906 2089 1098 2176 conlideran

159 2209 238 2281 dum
247 2206 315 2298 est,
327 2233 369 2281 ne
383 2225 440 2280 aut
452 2226 576 2281 temere
589 2207 757 2306 desperet,
774 2230 914 2307 propter
926 2207 1098 2306 ignaviam

157 2337 213 2389 aut
231 2317 331 2391 nimis
354 2314 522 2403 confidat,
541 2336 680 2414 propter
695 2319 921 2417 cupiditatem.
946 2322 985 2392 ln
1005 2321 1098 2397 ouini

159 2428 221 2500 bus
238 2448 349 2501 autem
372 2424 539 2523 negotiis,
561 2425 673 2523 prius,
698 2452 801 2527 quam
821 2428 1032 2527 aggrediare,
1056 2432 1098 2507 ad

158 2537 301 2611 hibenda
325 2533 373 2610 est
394 2534 605 2636 praeparatio
626 2535 776 2636 diligens.

94 2669 139 2716 22
206 2647 271 2719 Sed
293 2660 370 2720 cum
395 2645 546 2742 plerique
568 2643 786 2744 arbitrentur,
807 2670 861 2721 res
880 2644 1014 2722 bellicas
1039 2674 1098 2725 ma

105 2784 138 2833 7
156 2753 246 2828 iores
269 2753 333 2826 elle
339 2777 465 2872 ,quam
487 2753 652 2838 urbanas,
670 2754 848 2828 minuenda
868 2754 916 2827 ell
935 2754 1019 2831 haec
1039 2760 1098 2856 opi

155 2859 224 2932 nio.
261 2858 357 2931 multi
383 2857 474 2931 enim
500 2857 584 2931 bella
614 2857 708 2954 saepe
739 2861 947 2982 quaefierunt
970 2884 1098 2990 propte

153 2964 280 3089 gloriae
296 2963 535 3062 cupiditatem
555 2986 653 3063 atque
668 2965 732 3038 id
724 2991 760 3038 rn
782 2968 909 3066 magnis
926 2971 1046 3046 animis
1058 2973 1098 3047 in

151 3062 323 3177 geriiirque
337 3075 535 3174 plerumque
553 3076 737 3174 contingit;
750 3102 858 3178 eoque
870 3106 994 3180 magis
992 3082 1098 3160 fisun

105 3246 109 3255 .
151 3188 281 3260 adrem
300 3183 478 3259 militarem
500 3181 590 3282 apti,
613 3200 647 3259 et
668 3186 781 3283 cupidi
800 3189 965 3263 bellorum
987 3218 1098 3291 geren

150 3300 282 3373 dorum.
314 3296 403 3369 Vere
425 3293 581 3369 autemfi
607 3294 766 3370 volumus
784 3297 960 3392 iudicare,
988 3305 1098 3381 multa

150 3432 201 3479 res
219 3405 409 3480 exstiterunt
427 3402 571 3477 urbanae
589 3403 734 3479 maiores
752 3404 993 3506 clarioresque,
1005 3436 1098 3509 quart

102 3539 132 3591 5
150 3516 296 3592 bellicae
329 3516 494 3640 Quamvis
519 3515 611 3589 enim
633 3512 908 3591 Themistocles
898 3542 971 3590 rure
991 3519 1098 3596 laude

149 3622 432 3711 tur,etfite1us
457 3647 604 3711 nomen,
626 3648 726 3721 quam
751 3624 907 3714 Solonis,
927 3625 1098 3704 illustrius

148 3734 330 3828 citcturque
347 3729 503 3818 Salamis,
516 3729 707 3803 clarillimae
723 3727 811 3803 tellis
826 3731 987 3805 vidloriae
996 3759 1098 3832 ,quar

147 3857 370 3939 anteponatur
383 3837 474 3914 cons
475 3840 522 3912 lio
536 3840 668 3914 Solonis
676 3841 758 3935 ,ei,
772 3866 843 3939 quo
855 3843 1001 3938 primum
1022 3870 1098 3921 con·

146 3951 248 4026 ssituit
277 3950 519 4049 Areopagitas3
547 3975 616 4024 non
642 3952 752 4025 minus
777 3952 978 4048 praeclarum
1004 3955 1098 4046 hoc,

148 4085 250 4161 quum
266 4059 370 4156 illud,
386 4056 598 4137 iudicandum
614 4057 773 4157 ell.illud
792 4062 883 4138 enim
900 4062 998 4140 semel
1018 4089 1098 4165 pro·
