2340 4628
191 620 630 701 uenuooxt.
816 570 895 719 ιι,

72 806 108 863 te
139 785 303 886 stipidum
323 786 486 871 detinet,
512 802 570 859 aut
598 783 728 884 tignum
752 782 897 883 aliquod·

68 899 109 973 ti.
156 892 284 983 Mitto,
315 896 402 969 unde
435 894 626 980 sustuleru,
650 911 684 967 et
714 894 897 993 quomodo
978 980 983 989 .

87 1005 272 1081 intuentem
293 1025 353 1092 te,
374 1005 618 1092 admirantem,
642 1001 804 1077 clamores
825 1002 897 1077 tol-
1050 1008 1054 1013 ’

75 1142 152 1190 cum
173 1117 302 1205 uideo,
323 1117 456 1190 servum
476 1132 509 1185 te
522 1112 595 1186 elle
603 1112 800 1209 ineptiarum
818 1138 898 1187 om·

68 1224 172 1298 udico.
209 1226 332 1298 Nonne
351 1223 453 1321 igitur
471 1221 545 1296 sunt
562 1220 621 1295 illa
641 1220 784 1297 festiva?
809 1224 898 1297 Sint.

68 1356 92 1407 ις
108 1356 244 1431 quoque
258 1332 381 1407 oculos
398 1332 551 1405 eruditos
565 1330 739 1407 babemus.
758 1332 818 1407 sed·
833 1332 897 1407 ob-

68 1442 156 1531 e,ita
169 1442 304 1517 venusta
321 1442 505 1513 habeantur
522 1439 604 1527 isla,
620 1467 691 1515 non
708 1462 745 1516 ut
758 1442 900 1519 vincula

68 1574 84 1621 n
101 1549 191 1639 lint,
205 1549 261 1624 sed
275 1568 314 1623 ut
326 1550 571 1624 oblesiamento
583 1574 774 1647 pueromm.
794 1550 895 1647 Qui

68 1659 152 1733 enses
163 1668 179 1733 ἓ
191 1661 214 1733 li
228 1664 264 1735 l.
282 1657 463 1734 Mummius
479 1660 629 1759 aliquem
636 1659 774 1735 istomm
793 1664 896 1737 vide-

68 1770 895 1871 ulbommeorinniumeupidlffimenaaanem,
942 1814 945 1819 ·

68 1878 109 1955 »ἡ
136 1881 480 1961 totam'Cotinthunt
500 1884 748 1971 contemsissem
773 1907 895 1961 utrum

68 1990 153 2062 luem
179 1991 417 2081 excellentem,
435 2018 482 2066 nn
500 1996 673 2069 atriensem
693 1996 893 2095 diligeniern

68 2097 289 2171 iReuiuistat
311 2100 367 2171 Μ’.
386 2102 528 2189 Curitu,
545 2124 731 2179 aureorum
747 2106 893 2206 aliquia

68 2206 134 2279 uin
154 2208 230 2280 vill-a
252 2229 292 2280 ac
314 2210 420 2280 domo
445 2212 526 2282 nihil
547 2212 778 2308 splendidum,
805 2216 894 2289 nihil·

68 2339 84 2385 n
110 2314 198 2404 suit,
228 2338 358 2413 praeter
388 2306 502 2412 ipsos;
525 2339 558 2390 et
581 2319 695 2392 videat
717 2323 859 2417 aliquem
873 2376 890 2409 ,

85 2428 200 2524 populi
221 2426 387 2502 beneficiis
404 2425 525 2514 usum,
553 2427 740 2503 barbatulos
765 2431 892 2504 mullos

68 2565 153 2615 utem
169 2544 211 2617 de
225 2541 364 2641 piscina,
376 2557 409 2612 et
420 2540 693 2636 pertraslantem,
708 2558 743 2612 et
756 2565 885 2612 murae·
969 2548 982 2567 “

72 2655 169 2752 copia
197 2653 426 2753 gloriantem
460 2677 571 2726 nonne
597 2654 685 2726 hunc
711 2653 890 2725 bominem·

68 2789 118 2836 um
136 2764 277 2853 iudicet,
293 2786 329 2837 ut
348 2788 389 2837 ne
409 2763 444 2835 in
459 2762 583 2835 familia
597 2750 731 2861 iruidern
746 2762 886 2860 dignum

77 2866 189 2965 aliquo
214 2867 350 2964 negotio
374 2868 496 2965 putet?
524 2876 576 2942 An
601 2896 720 2944 eorum
744 2870 884 2946 servitiu

68 2973 103 3064 ll,
116 2975 174 3074 qui
187 2976 366 3072 cupiditate
382 2979 504 3075 peculii
518 2980 637 3053 nullam
651 2981 884 3055 conditionem

68 3085 277 3165 :dtuillimae
299 3088 490 3163 servitutis?
514 3089 703 3164 bereabtatis
715 3090 789 3186 spes
801 3091 887 3188 quid·

68 3193 106 3268 tis
127 3188 161 3269 in
182 3196 356 3271 serviendo
375 3224 444 3272 non
466 3200 626 3295 suscipit?
642 3226 742 3297 quem
764 3222 888 3273 nutum
1010 3290 1015 3309 ι

68 3303 100 3377 is
133 3305 208 3379 orbi
241 3305 323 3381 senis
354 3333 424 3381 non
456 3310 640 3383 observat?
664 3309 813 3403 loquitur
840 3312 884 3385 ad

68 3432 126 3486 :em
138 3440 155 3501 ;>
165 3417 326 3517 quidquid
349 3418 577 3492 denuntiatum
594 3417 655 3508 lit,
676 3416 774 3503 facit3
787 3417 885 3491 assec-

68 3523 184 3615 sidet,
207 3550 407 3602 muneratur.
429 3528 510 3627 quid
537 3528 657 3601 borum
683 3526 731 3602 esi
756 3528 885 3605 liberi?

68 3634 161 3732 bique
180 3660 254 3708 non.
269 3636 354 3710 servi
376 3638 514 3711 inertis?
533 3639 627 3732 Quid
640 3646 656 3713 ἓ
669 3640 734 3714 iam
747 3641 802 3715 illa
818 3668 878 3718 cu·
902 3664 921 3738 3

68 3741 173 3844 [quae
199 3750 329 3822 videtur
350 3750 415 3822 elle
433 3750 626 3851 liberalior)
647 3753 802 3845 bonoria,
817 3753 880 3828 inr-

68 3855 306 3945 rovinciarum,
325 3884 423 3955 quam
438 3860 521 3931 dura
539 3858 589 3932 est
600 3861 735 3935 domim
750 3861 877 3961 l'quam

68 3962 115 4037 la!
130 3988 228 4062 quam
250 3964 453 4040 vehemens!
478 3968 649 4067 Cethego,
663 3971 793 4044 homini
806 3996 877 4043 non

68 4070 170 4164 limo,
191 4075 314 4150 servire
329 4076 440 4176 coegit
462 4100 545 4165 eos,
563 4079 703 4249 quitffi
721 4078 790 4155 effe
805 4104 879 4151 am·
911 4154 914 4161 ,

667 4206 691 4267 4
