2340 4628
224 106 832 184 PHILOSOPHICORUM.
959 133 1030 211 339

56 273 112 346 xit
129 275 322 369 exordium.
348 281 388 346 Et
407 300 529 370 corpus
545 275 679 372 quidem
699 276 783 347 coeli
799 273 966 371 spellabile
981 272 1031 344 ef-

57 382 270 476 feernm'erl,
282 387 409 459 animus
424 409 533 460 autem
548 386 725 459 oculorum
738 386 852 483 effugit
864 388 1031 460 obrutuma

59 496 121 567 Est
142 515 253 568 autem
275 496 403 570 animus
418 521 461 568 ex
481 495 659 584 omnibus,
677 496 816 573 rationis
832 496 1031 571 concentio-

58 605 184 699 nisque
207 594 358 704 (epam
372 604 527 705 Graece)
550 605 821 704 sempiternarum
836 628 973 696 retum,
997 618 1043 681 et*

40 716 123 793 sub
145 716 392 815 intelligentiam
410 717 617 804 cadentium,
631 733 776 812 compos
791 731 825 788 et
840 715 1032 813 particeps}

58 808 237 925 quo'nihil
256 827 298 898 ab
311 827 443 923 optimo
463 844 496 898 et
512 825 786 924 praestantissimo
803 825 953 924 genitore
967 836 1033 909 m'e·
1105 823 1109 829 ’

57 938 128 1037 lius
144 939 516 1036 procreatumzquippe
534 939 594 1038 qui
612 956 654 1013 ert
671 939 787 1011 eadem
811 938 961 1027 vinum,
984 939 1032 1013 al*
1132 986 1135 993 ι

57 1066 201 1145 teraque
213 1066 345 1138 natura,
358 1048 506 1122 adiunela
516 1046 920 1144 materia,temperatione
928 1047 1031 1123 trium
1080 1074 1085 1143 ζ

57 1158 229 1255 partium,
248 1158 470 1256 proportione
485 1151 672 1254 compassa,
688 1159 719 1232 se
731 1158 799 1256 ipse
812 1156 1031 1248 conversam,
1060 1166 1067 1195 ’

58 1290 144 1340 cum
160 1265 329 1339 materiam
345 1266 537 1339 mutabilem
554 1264 760 1364 arripuisset,
780 1285 814 1339 et
830 1287 906 1339 cum
921 1262 1032 1339 rursus

58 1371 271 1451 ludividuam
292 1402 392 1473 atque
412 1379 616 1473 simplicem,
635 1398 696 1476 per
713 1395 812 1477 quam
825 1377 936 1452 omnis
953 1396 1031 1453 mo-

56 1506 184 1576 vetur,
199 1487 430 1586 discernitque,
443 1488 523 1584 quid
536 1487 574 1559 fit
586 1486 733 1561 eiusdem
746 1487 892 1585 generis,
904 1484 1031 1585 etquid

58 1594 221 1685 alterius,
240 1613 274 1668 et
285 1612 395 1670 cetera
409 1597 589 1686 diiudicat,
607 1596 688 1692 quid
706 1595 827 1692 cuique
840 1594 890 1669 rei
903 1592 943 1667 sst
959 1620 1031 1668 ma·
1140 1647 1146 1653 -

56 1703 155 1777 xime
180 1720 293 1800 aptum
306 1758 317 1791 ,
340 1705 424 1802 quid
448 1720 586 1803 quoque
609 1704 712 1790 loeo,
735 1723 791 1777 aut
816 1702 1031 1827 'modoqaul

57 1826 218 1906 tempore
236 1812 428 1910 contingat,
450 1826 601 1910 quaeque
622 1808 786 1883 distinuio
808 1809 847 1882 srt
865 1812 953 1883 inter
965 1834 1030 1901 ea,

56 1941 151 2013 quae
171 1918 370 2016 gignantur,
396 1936 428 1993 et
455 1944 523 2005 ea,
553 1942 637 2017 quae
663 1916 725 1990 sint
748 1918 879 2014 semper
902 1917 1030 1989 eademi

58 2022 165 2101 Ratio
182 2048 291 2101 aurem
310 2042 415 2117 vera,
432 2048 519 2126 quae
535 2028 683 2101 versatur
705 2027 741 2100 in
760 2025 825 2117 iis,
845 2047 931 2124 quae
951 2026 1029 2103 sunt

58 2134 196 2232 semper
212 2139 355 2225 eadem,
378 2157 412 2211 et
429 2141 464 2211 in
486 2136 546 2229 iis',
574 2163 660 2236 quae
680 2152 869 2226 mutantur,
888 2160 965 2210 cum
991 2137 1028 2211 in

57 2247 185 2321 eodem
200 2301 211 2333 ‚
230 2266 263 2320 et
278 2252 311 2321 in
327 2250 432 2322 altero
447 2268 605 2324 movetur
622 2249 689 2347 ipsa
709 2274 770 2348 per
785 2248 819 2323 se
832 2247 903 2322 'sine
915 2273 1027 2337 voce,

59 2373 97 2430 et
114 2355 182 2428 sme
199 2357 270 2430 ullo
287 2360 391 2444 sono,
406 2384 483 2433 cum
498 2362 637 2433 eandem
658 2374 784 2456 partem
800 2360 946 2459 attingit,
960 2364 1027 2458 qu'a

59 2464 175 2541 sensus
191 2465 270 2538 cieri
289 2468 419 2566 potest:
445 2470 536 2544 orbis
558 2468 644 2543 illiue
664 2471 791 2568 generis
811 2469 944 2542 alterius
960 2470 1027 2541 im·

60 2591 210 2646 mutatus
228 2596 260 2647 et
279 2578 384 2649 tellus
398 2578 510 2649 omnia
525 2576 638 2649 animo
652 2575 1027 2671 mentiquerdenuntiatl
1126 2650 1134 2661 ,

60 2698 138 2756 tum
159 2683 336 2781 opiniones
359 2684 616 2784 assensrdnesque
638 2684 753 2758 firmae
774 2706 937 2779 veraeque
954 2683 1028 2781 gig-

59 2806 200 2863 nuntur.
224 2790 311 2863 Cum
325 2812 433 2866 autem
451 2796 485 2865 in
504 2794 568 2865 illis
580 2793 678 2865 rebus
690 2789 851 2875 vertitur,
864 2812 949 2886 quae
962 2815 1029 2863 ma*

60 2919 182 2971 nentes
194 2898 321 2997 semper
336 2904 494 2990 eaedem,
515 2923 584 2971 non
605 2897 722 2985 sensu,
747 2897 801 2968 sed
816 2895 1026 2994 intelligentia

69 3004 302 3096 confluentum
316 3026 385 3082 tum
402 3009 615 3106 intelligentia
633 3006 833 3103 scientiaque
845 3005 1025 3083 necessario
1094 3035 1097 3039 ·

71 3114 218 3191 efficitur.
264 3154 267 3159 ·

419 3217 548 3309 Desunt
568 3215 679 3286 arubae

62 3331 209 3408 Ratione
222 3324 323 3433 igitur
340 3353 373 3409 et
387 3352 498 3431 mente
512 3335 651 3424 divina,
663 3334 703 3407 ad
717 3324 880 3433 originem
892 3356 1024 3434 tempo·
1042 3348 1067 3428 9'
1103 3332 1107 3337 ⁴

61 3444 129 3533 ris,
141 3444 346 3519 curriculum
360 3448 532 3519 inventum
546 3443 593 3517 est
607 3443 684 3517 solis
696 3465 730 3517 et
743 3446 849 3520 lunae.
864 3450 931 3487 “⁸
944 3450 1028 3520 Cor

58 3580 146 3657 pora
159 3575 274 3634 autern
295 3581 413 3633 eorum
427 3556 632 3656 singulorum
650 3580 726 3630 eum
739 3557 897 3724 effYeciffet
911 3558 1030 3649 Deus,

832 3680 852 3724 2
