2340 4628
62 608 67 619 ν
172 547 175 553 ·
255 518 336 597 DE
383 523 778 605 SENECTUTEJ
878 598 881 603 .
947 534 1020 633 5'67

10 714 15 759 ε
60 681 251 773 tristitiis,
264 684 443 761 attribuito
451 682 1021 789 Graecisliteris‚qttatumconstat

59 818 133 868 eum
147 793 393 894 perstudiosum
406 797 498 872 sitisse
511 798 547 871 in
565 798 743 874 senedute.
763 802 826 876 sed
842 805 923 902 quid
935 803 1022 904 opus

60 904 105 976 cst
127 907 248 1003 plura?
270 907 337 980 iam
349 909 439 981 enim
451 908 550 1006 ipsius
563 910 704 985 Catonis
722 910 831 986 sermo
843 916 1023 1012 explicabit

60 1011 206 1086 nosbam
226 1038 365 1089 omnem
375 1017 419 1090 de
434 1016 600 1092 seneciute
617 1017 825 1093 sententiam.
1050 1098 1053 1103 ,

106 1122 225 1215 Scipio.
249 1124 495 1221 Saepebumero
513 1125 669 1198 admirari
690 1125 784 1200 solco
803 1150 880 1200 cum
893 1128 962 1204 boc
977 1130 1061 1205 Cet
1147 1154 1150 1159 ’

60 1228 196 1315 Laelio,
211 1246 283 1303 tum
297 1248 478 1306 ceterarum
493 1257 605 1305 rerunt
617 1250 707 1307 tuam
720 1234 960 1328 excellentem,
975 1241 1023 1315 M.
1037 1272 1056 1322 t

59 1339 169 1430 Cato,
191 1339 436 1440 persediamque
459 1339 674 1440 sapientiam,
695 1364 766 1417 tum
788 1343 844 1418 vel
859 1345 1024 1436 maxime,
1151 1364 1158 1379 ·

60 1453 155 1549 quod
177 1478 347 1551 nunquam
370 1455 573 1528 senectutem·
588 1454 650 1530 tibi
670 1479 810 1558 gravem
832 1455 899 1530 esse
919 1459 1024 1533 sense·

60 1561 151 1648 rim3
171 1583 256 1660 quae
278 1561 444 1660 plerisque
459 1561 589 1636 senibus
607 1561 652 1637 fic
666 1563 782 1639 odiosa
794 1563 864 1650 est,
881 1581 920 1637 ut
936 1588 1025 1640 onus

59 1666 214 1744 seAetna
235 1669 370 1768 gratius
391 1670 502 1746 dicant
524 1671 691 1749 sustinere.
716 1679 804 1749 Cato.
829 1675 915 1748 Rem
935 1675 1023 1750 haud

60 1776 136 1853 sanc
157 1777 349 1870 difficilem,
368 1780 483 1878 Scipio
503 1805 536 1855 tt
549 1768 644 1856 ‘laeli
657 1834 669 1873 ,
681 1782 837 1855 admirari
851 1782 1024 1859 videmini.

60 1888 184 1986 quibus
204 1885 295 1962 enim
313 1889 398 1962 nihil
415 1889 490 1986 opis
510 1890 559 1965 esi¹
569 1892 606 1966 in
622 1891 698 1990 ipsrs
711 1892 752 1964 ad
767 1891 851 1965 berte
864 1892 1025 1991 beateque

61 1994 275 2081 vivendum,
302 1994 344 2069 iis
366 1997 477 2071 omnis
501 1999 611 2097 gravis
634 2000 683 2103 esi
706 2016 812 2075 aetas:
837 2000 895 2100 qui
914 2019 1025 2076 autem

63 2105 178 2178 omnia
201 2105 291 2178 bona
314 2104 384 2179 ase
400 2104 478 2204 ipsis
499 2127 640 2202 petum,
654 2106 694 2181 iis
717 2107 799 2180 nihil
819 2108 927 2206 potest
950 2134 1025 2182 ma·

63 2214 130 2297 lum
145 2213 257 2288 videri
271 2266 283 2302 ,
296 2213 389 2311 quod
408 2218 542 2288 natura'e
562 2215 728 2289 necessitas
751 2217 875 2291 afferat.
898 2243 968 2316 quo
989 2220 1026 2292 in

63 2349 180 2424 genere
196 2323 232 2396 in
245 2325 362 2420 primis
373 2324 420 2396 est
432 2324 597 2410 senedius3
613 2349 713 2422 quam
730 2343 767 2397 ut
784 2326 1026 2423 adipiscantur,

64 2456 182 2506 ornnes
203 2449 338 2528 optant,
353 2434 492 2505 eandem
509 2432 660 2506 accusant
682 2432 816 2528 adepti:
838 2451 927 2507 tanta
947 2434 1030 2507 inest

65 2541 219 2616 stultitiae
241 2541 459 2615 inconstantia
482 2557 582 2639 atque
607 2539 814 2638 perverfitac
855 2542 1032 2639 Obrepere

64 2651 155 2726 aiunt
165 2676 241 2725 earn
255 2649 364 2734 citius,
375 2673 477 2747 quam
491 2648 665 2746 putassent.
679 2649 849 2738 Primum,
862 2649 935 2748 quis
946 2673 1029 2725 coc·

64 2762 109 2859 git
127 2785 190 2835 eos
209 2758 325 2833 fassum
338 2760 477 2856 putare?
498 2758 556 2858 qui
574 2761 665 2833 enim
682 2760 778 2836 citius
791 2759 1031 2835 adolescentiae

64 2869 231 2958 senectus,
243 2892 343 2967 quam
358 2867 519 2965 pucritiae
529 2868 747 2945 adolescentia
760 2871 897 2965 obrepit
911 2870 925 2941 i
940 2869 1030 2941 dein·

65 2979 124 3063 de,
146 2977 207 3077 qui
226 2979 334 3050 rnimts
355 2977 465 3076 gravis
482 2978 562 3052 esset
577 2981 617 3054 iis
634 2980 805 3067 senectus,
818 2977 1031 3074 floctingen·

65 3089 218 3163 cesimum
230 3112 353 3160 annum
366 3105 500 3184 agerent
512 3141 525 3178 ,
539 3113 642 3187 quam
654 3086 892 3185 octogesimum
904 3092 918 3155 ἓ
933 3108 1031 3180 prae·
1106 3156 1110 3173 ,

65 3199 162 3272 terita
186 3195 277 3270 enim
295 3214 408 3283 aetas,
427 3199 582 3294 quamvis
604 3196 726 3294 longa,
743 3215 820 3265 cum
834 3188 1032 3283 effluxisset,

64 3308 152 3382 nulia
171 3304 400 3379 consolatione
419 3304 625 3402 permulcere
646 3301 755 3400 posset
774 3298 901 3371 stultam
922 3298 1033 3372 senec·

65 3432 180 3491 urcem.
207 3416 378 3508 Quocirca
393 3413 416 3485 si
432 3413 623 3510 sapientiam
642 3435 750 3485 meam
770 3409 926 3484 admirari
945 3409 1031 3485 sole·
1047 3453 1060 3504 5

66 3531 108 3605 tis
120 3583 133 3619 ,
145 3531 165 3626 (
178 3552 263 3627 quae
284 3525 411 3617 utinam
427 3527 526 3624 digna
538 3525 617 3600 esset
637 3523 801 3621 opinione
824 3521 951 3615 vestra,
965 3548 1031 3596 no·

68 3639 204 3740 stroque
218 3637 422 3738 cognomine
432 3635 470 3731 l)
483 3638 519 3710 in
535 3636 603 3709 hoc
616 3634 727 3709 sumus
743 3631 924 3732 sapientes,
937 3633 1033 3732 quod

70 3773 220 3826 naturam
242 3752 407 3849 optimam
437 3751 576 3838 ducent,
598 3771 757 3846 tanquam
779 3747 900 3837 deum,
922 3743 1034 3845 sequi·

71 3885 143 3933 mur
157 3916 169 3950 ,
182 3861 282 3955 eique
295 3885 472 3956 paremus;
487 3885 505 3932 a
520 3883 584 3956 qua
597 3882 669 3931 non
682 3855 859 3934 verifimilc
871 3854 940 3943 est,
955 3875 1033 3927 cum

71 3995 196 4050 ceterae
209 3988 318 4071 partes
331 3970 446 4046 aetatis
457 3969 542 4044 bene
560 3965 740 4067 descriptae
751 3965 834 4133 sini,
845 3981 1034 4042 extremum

838 4088 864 4155 4
