<?xml version="1.0" encoding="UTF-8"?>
<!DOCTYPE html PUBLIC "-//W3C//DTD XHTML 1.0 Transitional//EN"
    "http://www.w3.org/TR/xhtml1/DTD/xhtml1-transitional.dtd">
<html xmlns="http://www.w3.org/1999/xhtml" xml:lang="en" lang="en">
 <head>
  <title>
</title>
<meta http-equiv="Content-Type" content="text/html;charset=utf-8" />
  <meta name='ocr-system' content='tesseract 3.04.00' />
  <meta name='ocr-capabilities' content='ocr_page ocr_carea ocr_par ocr_line ocrx_word'/>
</head>
<body>
  <div class='ocr_page' id='page_1' title='image "./mtulliiciceroni01plutgoog_0353.png"; bbox 0 0 2340 4628; ppageno 0'>
   <div class='ocr_carea' id='block_1_1' title="bbox 169 708 919 811">
    <p class='ocr_par' dir='ltr' id='par_1_1' title="bbox 169 708 919 811">
     <span class='ocr_line' id='line_1_1' title="bbox 169 708 919 811; baseline 0.003 -28"><span class='ocrx_word' id='word_1_1' title='bbox 169 732 243 811; x_wconf 69' lang='lat'>„2</span> <span class='ocrx_word' id='word_1_2' title='bbox 422 708 919 785; x_wconf 75' lang='lat' dir='ltr'>rnrcueurt</span> 
     </span>
    </p>
   </div>
   <div class='ocr_carea' id='block_1_2' title="bbox 166 870 1162 1851">
    <p class='ocr_par' dir='ltr' id='par_1_2' title="bbox 166 870 1162 1851">
     <span class='ocr_line' id='line_1_2' title="bbox 169 870 1128 971; baseline -0.002 -24"><span class='ocrx_word' id='word_1_3' title='bbox 169 894 281 947; x_wconf 77' lang='lat' dir='ltr'>amem</span> <span class='ocrx_word' id='word_1_4' title='bbox 303 870 522 947; x_wconf 73' lang='lat' dir='ltr'>animaruum</span> <span class='ocrx_word' id='word_1_5' title='bbox 545 896 668 969; x_wconf 77' lang='lat' dir='ltr'>genera</span> <span class='ocrx_word' id='word_1_6' title='bbox 682 870 853 971; x_wconf 73' lang='lat' dir='ltr'>qrnn&#39;n:</span> <span class='ocrx_word' id='word_1_7' title='bbox 868 896 1025 971; x_wconf 73' lang='grc' dir='ltr'>φια-</span> <span class='ocrx_word' id='word_1_8' title='bbox 1036 892 1128 945; x_wconf 66' lang='lat' dir='ltr'>a</span> 
     </span>
     <span class='ocr_line' id='line_1_3' title="bbox 169 981 1128 1083; baseline -0.002 -26"><span class='ocrx_word' id='word_1_9' title='bbox 169 984 324 1059; x_wconf 75' lang='lat' dir='ltr'>divim</span> <span class='ocrx_word' id='word_1_10' title='bbox 348 1008 450 1083; x_wconf 80' lang='lat' dir='ltr'>atque</span> <span class='ocrx_word' id='word_1_11' title='bbox 463 981 624 1057; x_wconf 73' lang='lat' dir='ltr'>eoekrtr:</span> <span class='ocrx_word' id='word_1_12' title='bbox 635 984 778 1055; x_wconf 70' lang='lat' dir='ltr'>dmm</span> <span class='ocrx_word' id='word_1_13' title='bbox 794 1008 1025 1083; x_wconf 60' lang='lat' dir='ltr'>perquem</span> <span class='ocrx_word' id='word_1_14' title='bbox 1040 1006 1074 1057; x_wconf 84' lang='lat' dir='ltr'>et</span> <span class='ocrx_word' id='word_1_15' title='bbox 1087 1004 1128 1055; x_wconf 66' lang='lat' dir='ltr'>a·</span> 
     </span>
     <span class='ocr_line' id='line_1_4' title="bbox 167 1092 1129 1193; baseline 0.004 -26"><span class='ocrx_word' id='word_1_16' title='bbox 167 1092 255 1167; x_wconf 85' lang='lat' dir='ltr'>rium</span> <span class='ocrx_word' id='word_1_17' title='bbox 270 1122 281 1167; x_wconf 81' lang='lat' dir='ltr'>r</span> <span class='ocrx_word' id='word_1_18' title='bbox 296 1094 789 1193; x_wconf 75' lang='lat' dir='ltr'>tertiumaqnatilenerretbe,</span> <span class='ocrx_word' id='word_1_19' title='bbox 804 1096 1129 1193; x_wconf 69' lang='lat' dir='ltr'>quermnirire</span> 
     </span>
     <span class='ocr_line' id='line_1_5' title="bbox 167 1204 1162 1311; baseline 0.004 -36"><span class='ocrx_word' id='word_1_20' title='bbox 167 1204 382 1277; x_wconf 73' lang='lat' dir='ltr'>animationis</span> <span class='ocrx_word' id='word_1_21' title='bbox 395 1206 541 1277; x_wconf 79' lang='lat' dir='ltr'>maxime</span> <span class='ocrx_word' id='word_1_22' title='bbox 551 1204 693 1301; x_wconf 80' lang='lat' dir='ltr'>spetiem</span> <span class='ocrx_word' id='word_1_23' title='bbox 705 1204 850 1279; x_wconf 74' lang='lat' dir='ltr'>fidebn</span> <span class='ocrx_word' id='word_1_24' title='bbox 860 1230 909 1279; x_wconf 79' lang='lat' dir='ltr'>ex</span> <span class='ocrx_word' id='word_1_25' title='bbox 921 1208 1005 1305; x_wconf 70' lang='lat' dir='ltr'>igne</span> <span class='ocrx_word' id='word_1_26' title='bbox 1016 1260 1031 1295; x_wconf 85' lang='lat'><strong><em>‚</em></strong></span> <span class='ocrx_word' id='word_1_27' title='bbox 1044 1206 1088 1283; x_wconf 80' lang='lat' dir='ltr'>ita</span> <span class='ocrx_word' id='word_1_28' title='bbox 1097 1218 1127 1279; x_wconf 67' lang='grc'>1</span> <span class='ocrx_word' id='word_1_29' title='bbox 1160 1264 1162 1311; x_wconf 82' lang='lat'>!</span> 
     </span>
     <span class='ocr_line' id='line_1_6' title="bbox 169 1310 1162 1411; baseline 0.006 -24"><span class='ocrx_word' id='word_1_30' title='bbox 169 1310 443 1409; x_wconf 82' lang='lat' dir='ltr'>splendidislimus</span> <span class='ocrx_word' id='word_1_31' title='bbox 453 1314 594 1399; x_wconf 62' lang='lat' dir='ltr'>alienet</span> <span class='ocrx_word' id='word_1_32' title='bbox 612 1312 1128 1411; x_wconf 70' lang='lat' dir='ltr'>adspeflrrpultloerrimnm·</span> <span class='ocrx_word' id='word_1_33' title='bbox 1160 1334 1162 1373; x_wconf 68' lang='lat'>³</span> 
     </span>
     <span class='ocr_line' id='line_1_7' title="bbox 168 1421 1128 1519; baseline 0.003 -23"><span class='ocrx_word' id='word_1_34' title='bbox 168 1446 237 1519; x_wconf 83' lang='lat' dir='ltr'>que</span> <span class='ocrx_word' id='word_1_35' title='bbox 257 1421 395 1496; x_wconf 78' lang='lat' dir='ltr'>bmilem</span> <span class='ocrx_word' id='word_1_36' title='bbox 411 1424 631 1497; x_wconf 80' lang='lat' dir='ltr'>universitatis</span> <span class='ocrx_word' id='word_1_37' title='bbox 652 1444 788 1496; x_wconf 72' lang='lat' dir='ltr'>natum</span> <span class='ocrx_word' id='word_1_38' title='bbox 805 1423 946 1499; x_wconf 75' lang='lat' dir='ltr'>efficere</span> <span class='ocrx_word' id='word_1_39' title='bbox 965 1422 1128 1512; x_wconf 57' lang='lat' dir='ltr'>vellemus</span> 
     </span>
     <span class='ocr_line' id='line_1_8' title="bbox 168 1530 1128 1632; baseline 0.007 -29"><span class='ocrx_word' id='word_1_40' title='bbox 168 1530 411 1605; x_wconf 77' lang='lat' dir='ltr'>volubilitatem</span> <span class='ocrx_word' id='word_1_41' title='bbox 434 1532 627 1604; x_wconf 72' lang='lat' dir='ltr'>rotundavit</span> <span class='ocrx_word' id='word_1_42' title='bbox 635 1530 860 1627; x_wconf 70' lang='lat' dir='ltr'>,conumque</span> <span class='ocrx_word' id='word_1_43' title='bbox 876 1558 960 1609; x_wconf 86' lang='lat' dir='ltr'>euru</span> <span class='ocrx_word' id='word_1_44' title='bbox 985 1534 1128 1632; x_wconf 72' lang='lat' dir='ltr'>sapietur</span> 
     </span>
     <span class='ocr_line' id='line_1_9' title="bbox 167 1638 1162 1765; baseline 0.01 -55"><span class='ocrx_word' id='word_1_45' title='bbox 167 1654 268 1735; x_wconf 81' lang='lat' dir='ltr'>quarn</span> <span class='ocrx_word' id='word_1_46' title='bbox 282 1642 429 1737; x_wconf 84' lang='lat' dir='ltr'>optimae</span> <span class='ocrx_word' id='word_1_47' title='bbox 446 1643 567 1714; x_wconf 82' lang='lat' dir='ltr'>mentis</span> <span class='ocrx_word' id='word_1_48' title='bbox 586 1638 697 1713; x_wconf 81' lang='lat' dir='ltr'>effecit</span> <span class='ocrx_word' id='word_1_49' title='bbox 705 1639 930 1765; x_wconf 72' lang='grc' dir='ltr'>,ἀκιιιιιφιο</span> <span class='ocrx_word' id='word_1_50' title='bbox 941 1648 1126 1725; x_wconf 84' lang='lat' dir='ltr'>coelumar·</span> <span class='ocrx_word' id='word_1_51' title='bbox 1160 1714 1162 1737; x_wconf 40' lang='lat' dir='ltr'><strong>i</strong></span> 
     </span>
     <span class='ocr_line' id='line_1_10' title="bbox 166 1750 1162 1851; baseline 0 -30"><span class='ocrx_word' id='word_1_52' title='bbox 166 1750 308 1851; x_wconf 86' lang='lat' dir='ltr'>qualiter</span> <span class='ocrx_word' id='word_1_53' title='bbox 323 1750 513 1842; x_wconf 82' lang='lat' dir='ltr'>distribuit,</span> <span class='ocrx_word' id='word_1_54' title='bbox 534 1751 672 1824; x_wconf 88' lang='lat' dir='ltr'>utltunc</span> <span class='ocrx_word' id='word_1_55' title='bbox 692 1752 755 1823; x_wconf 77' lang='lat' dir='ltr'>bac</span> <span class='ocrx_word' id='word_1_56' title='bbox 768 1776 935 1827; x_wconf 72' lang='lat' dir='ltr'>vertente</span> <span class='ocrx_word' id='word_1_57' title='bbox 948 1755 1125 1831; x_wconf 65' lang='lat' dir='ltr'>disliubunt</span> <span class='ocrx_word' id='word_1_58' title='bbox 1159 1786 1162 1821; x_wconf 85' lang='grc' dir='ltr'>ι</span> 
     </span>
    </p>
   </div>
   <div class='ocr_carea' id='block_1_3' title="bbox 154 1860 1162 4167">
    <p class='ocr_par' dir='ltr' id='par_1_3' title="bbox 154 1860 1162 4167">
     <span class='ocr_line' id='line_1_11' title="bbox 167 1860 1162 1969; baseline 0.004 -34"><span class='ocrx_word' id='word_1_59' title='bbox 167 1860 252 1935; x_wconf 79' lang='lat' dir='ltr'>bene</span> <span class='ocrx_word' id='word_1_60' title='bbox 265 1861 434 1935; x_wconf 66' lang='lat' dir='ltr'>Graeciae</span> <span class='ocrx_word' id='word_1_61' title='bbox 401 1898 532 1955; x_wconf 60' lang='grc' dir='ltr'>ιιησμι</span> <span class='ocrx_word' id='word_1_62' title='bbox 495 1863 787 1936; x_wconf 71' lang='lat' dir='ltr'>rnoelucenrem</span> <span class='ocrx_word' id='word_1_63' title='bbox 800 1864 970 1937; x_wconf 84' lang='lat' dir='ltr'>mundum</span> <span class='ocrx_word' id='word_1_64' title='bbox 981 1868 1125 1941; x_wconf 74' lang='lat' dir='ltr'>nomine</span> <span class='ocrx_word' id='word_1_65' title='bbox 1160 1916 1162 1969; x_wconf 49' lang='grc' dir='ltr'>ἰ</span> 
     </span>
     <span class='ocr_line' id='line_1_12' title="bbox 166 1967 1162 2069; baseline 0.002 -28"><span class='ocrx_word' id='word_1_66' title='bbox 166 1992 289 2043; x_wconf 78' lang='lat' dir='ltr'>remur.</span> <span class='ocrx_word' id='word_1_67' title='bbox 332 1972 437 2045; x_wconf 80' lang='lat' dir='ltr'>Dedit</span> <span class='ocrx_word' id='word_1_68' title='bbox 461 1994 571 2045; x_wconf 84' lang='lat' dir='ltr'>aurern</span> <span class='ocrx_word' id='word_1_69' title='bbox 598 1968 721 2039; x_wconf 85' lang='lat' dir='ltr'>divinis</span> <span class='ocrx_word' id='word_1_70' title='bbox 744 1967 816 2038; x_wconf 88' lang='lat' dir='ltr'>duo</span> <span class='ocrx_word' id='word_1_71' title='bbox 844 1990 973 2063; x_wconf 71' lang='lat' dir='ltr'>genera</span> <span class='ocrx_word' id='word_1_72' title='bbox 1002 1988 1125 2043; x_wconf 80' lang='lat' dir='ltr'>nourr</span> <span class='ocrx_word' id='word_1_73' title='bbox 1160 1982 1162 2069; x_wconf 63' lang='lat' dir='ltr'><strong><em>g</em></strong></span> 
     </span>
     <span class='ocr_line' id='line_1_13' title="bbox 166 2072 1162 2175; baseline 0.006 -26"><span class='ocrx_word' id='word_1_74' title='bbox 166 2100 294 2165; x_wconf 88' lang='lat' dir='ltr'>unum,</span> <span class='ocrx_word' id='word_1_75' title='bbox 307 2078 402 2175; x_wconf 89' lang='lat' dir='ltr'>quod</span> <span class='ocrx_word' id='word_1_76' title='bbox 423 2076 549 2173; x_wconf 83' lang='lat' dir='ltr'>semper</span> <span class='ocrx_word' id='word_1_77' title='bbox 570 2076 674 2151; x_wconf 86' lang='lat' dir='ltr'>ell&#39;et</span> <span class='ocrx_word' id='word_1_78' title='bbox 665 2103 700 2150; x_wconf 90' lang='lat' dir='ltr'>tn</span> <span class='ocrx_word' id='word_1_79' title='bbox 713 2078 833 2149; x_wconf 85' lang='lat' dir='ltr'>eodem</span> <span class='ocrx_word' id='word_1_80' title='bbox 848 2102 982 2175; x_wconf 86' lang='lat' dir='ltr'>aeque,</span> <span class='ocrx_word' id='word_1_81' title='bbox 1002 2080 1124 2155; x_wconf 85' lang='lat' dir='ltr'>etiden</span> <span class='ocrx_word' id='word_1_82' title='bbox 1160 2072 1162 2083; x_wconf 70' lang='lat'>&#39;</span> 
     </span>
     <span class='ocr_line' id='line_1_14' title="bbox 166 2187 1124 2285; baseline -0.003 -21"><span class='ocrx_word' id='word_1_83' title='bbox 166 2190 201 2265; x_wconf 85' lang='lat' dir='ltr'>ln</span> <span class='ocrx_word' id='word_1_84' title='bbox 219 2189 398 2274; x_wconf 73' lang='lat' dir='ltr'>omnibus,</span> <span class='ocrx_word' id='word_1_85' title='bbox 423 2209 524 2285; x_wconf 87' lang='lat' dir='ltr'>atque</span> <span class='ocrx_word' id='word_1_86' title='bbox 546 2213 617 2260; x_wconf 92' lang='lat' dir='ltr'>uno</span> <span class='ocrx_word' id='word_1_87' title='bbox 636 2187 743 2259; x_wconf 90' lang='lat' dir='ltr'>nrodo</span> <span class='ocrx_word' id='word_1_88' title='bbox 766 2187 951 2261; x_wconf 81' lang='lat' dir='ltr'>celeraret:</span> <span class='ocrx_word' id='word_1_89' title='bbox 969 2190 1124 2277; x_wconf 83' lang='lat' dir='ltr'>altentut,</span> 
     </span>
     <span class='ocr_line' id='line_1_15' title="bbox 166 2296 1125 2401; baseline -0.006 -26"><span class='ocrx_word' id='word_1_90' title='bbox 166 2304 260 2401; x_wconf 85' lang='lat' dir='ltr'>quorl</span> <span class='ocrx_word' id='word_1_91' title='bbox 282 2302 316 2373; x_wconf 92' lang='lat' dir='ltr'>in</span> <span class='ocrx_word' id='word_1_92' title='bbox 335 2300 477 2372; x_wconf 79' lang='lat' dir='ltr'>anticam</span> <span class='ocrx_word' id='word_1_93' title='bbox 491 2320 651 2396; x_wconf 84' lang='lat' dir='ltr'>parrema</span> <span class='ocrx_word' id='word_1_94' title='bbox 669 2296 891 2369; x_wconf 87' lang='lat' dir='ltr'>converfione</span> <span class='ocrx_word' id='word_1_95' title='bbox 910 2298 1125 2385; x_wconf 80' lang='lat' dir='ltr'>eiusdem,et</span> 
     </span>
     <span class='ocr_line' id='line_1_16' title="bbox 166 2404 1123 2512; baseline -0.007 -25"><span class='ocrx_word' id='word_1_96' title='bbox 166 2410 276 2489; x_wconf 85' lang='lat' dir='ltr'>similis</span> <span class='ocrx_word' id='word_1_97' title='bbox 297 2414 480 2512; x_wconf 83' lang='lat' dir='ltr'>pelleretur.</span> <span class='ocrx_word' id='word_1_98' title='bbox 513 2410 672 2506; x_wconf 84' lang='lat' dir='ltr'>Quinque</span> <span class='ocrx_word' id='word_1_99' title='bbox 694 2427 803 2478; x_wconf 90' lang='lat' dir='ltr'>autern</span> <span class='ocrx_word' id='word_1_100' title='bbox 822 2404 963 2505; x_wconf 81' lang='lat' dir='ltr'>reliquis</span> <span class='ocrx_word' id='word_1_101' title='bbox 988 2408 1123 2480; x_wconf 85' lang='lat' dir='ltr'>motibu</span> 
     </span>
     <span class='ocr_line' id='line_1_17' title="bbox 165 2515 1124 2613; baseline -0.015 -14"><span class='ocrx_word' id='word_1_102' title='bbox 165 2524 283 2599; x_wconf 86' lang='lat' dir='ltr'>orbern</span> <span class='ocrx_word' id='word_1_103' title='bbox 304 2548 381 2595; x_wconf 84' lang='lat' dir='ltr'>erun</span> <span class='ocrx_word' id='word_1_104' title='bbox 406 2520 472 2594; x_wconf 87' lang='lat' dir='ltr'>elle</span> <span class='ocrx_word' id='word_1_105' title='bbox 490 2520 599 2591; x_wconf 88' lang='lat' dir='ltr'>voluit</span> <span class='ocrx_word' id='word_1_106' title='bbox 617 2536 817 2613; x_wconf 83' lang='lat' dir='ltr'>expertem,</span> <span class='ocrx_word' id='word_1_107' title='bbox 841 2515 1078 2603; x_wconf 86' lang='lat' dir='ltr'>immobilem,</span> <span class='ocrx_word' id='word_1_108' title='bbox 1096 2528 1124 2585; x_wconf 84' lang='lat' dir='ltr'>rt</span> 
     </span>
     <span class='ocr_line' id='line_1_18' title="bbox 163 2624 1122 2729; baseline -0.01 -22"><span class='ocrx_word' id='word_1_109' title='bbox 163 2634 311 2709; x_wconf 85' lang='lat' dir='ltr'>slanteur.</span> <span class='ocrx_word' id='word_1_110' title='bbox 342 2637 390 2705; x_wconf 79' lang='lat' dir='ltr'>six</span> <span class='ocrx_word' id='word_1_111' title='bbox 413 2653 484 2729; x_wconf 92' lang='lat' dir='ltr'>quo</span> <span class='ocrx_word' id='word_1_112' title='bbox 503 2652 622 2725; x_wconf 80' lang='lat' dir='ltr'>genere</span> <span class='ocrx_word' id='word_1_113' title='bbox 638 2651 677 2698; x_wconf 89' lang='lat' dir='ltr'>ea</span> <span class='ocrx_word' id='word_1_114' title='bbox 693 2625 765 2697; x_wconf 89' lang='lat' dir='ltr'>sunt</span> <span class='ocrx_word' id='word_1_115' title='bbox 778 2624 906 2710; x_wconf 75' lang='lat' dir='ltr'>fidere,</span> <span class='ocrx_word' id='word_1_116' title='bbox 924 2652 1013 2725; x_wconf 84' lang='lat' dir='ltr'>quae</span> <span class='ocrx_word' id='word_1_117' title='bbox 1032 2624 1122 2701; x_wconf 86' lang='lat' dir='ltr'>insirt</span> 
     </span>
     <span class='ocr_line' id='line_1_19' title="bbox 164 2735 1122 2832; baseline -0.009 -15"><span class='ocrx_word' id='word_1_118' title='bbox 164 2744 264 2817; x_wconf 88' lang='lat' dir='ltr'>coelo</span> <span class='ocrx_word' id='word_1_119' title='bbox 290 2768 358 2813; x_wconf 93' lang='lat' dir='ltr'>non</span> <span class='ocrx_word' id='word_1_120' title='bbox 384 2754 564 2811; x_wconf 89' lang='lat' dir='ltr'>moventur</span> <span class='ocrx_word' id='word_1_121' title='bbox 591 2736 696 2818; x_wconf 86' lang='lat' dir='ltr'>loco;</span> <span class='ocrx_word' id='word_1_122' title='bbox 722 2735 902 2832; x_wconf 89' lang='lat' dir='ltr'>quaesunt</span> <span class='ocrx_word' id='word_1_123' title='bbox 927 2738 1122 2822; x_wconf 82' lang='lat' dir='ltr'>animantia,</span> 
     </span>
     <span class='ocr_line' id='line_1_20' title="bbox 162 2844 1162 2947; baseline -0.006 -26"><span class='ocrx_word' id='word_1_124' title='bbox 162 2874 267 2947; x_wconf 81' lang='lat' dir='ltr'>tuque</span> <span class='ocrx_word' id='word_1_125' title='bbox 284 2848 421 2927; x_wconf 87' lang='lat' dir='ltr'>divina;</span> <span class='ocrx_word' id='word_1_126' title='bbox 441 2846 487 2915; x_wconf 93' lang='lat' dir='ltr'>ob</span> <span class='ocrx_word' id='word_1_127' title='bbox 500 2868 640 2940; x_wconf 87' lang='lat' dir='ltr'>eamque</span> <span class='ocrx_word' id='word_1_128' title='bbox 661 2845 787 2916; x_wconf 87' lang='lat' dir='ltr'>causam</span> <span class='ocrx_word' id='word_1_129' title='bbox 802 2844 866 2921; x_wconf 87' lang='lat' dir='ltr'>suis</span> <span class='ocrx_word' id='word_1_130' title='bbox 879 2844 1015 2920; x_wconf 84' lang='lat' dir='ltr'>sedibus</span> <span class='ocrx_word' id='word_1_131' title='bbox 1026 2846 1121 2918; x_wconf 77' lang='lat' dir='ltr'>iubae·</span> <span class='ocrx_word' id='word_1_132' title='bbox 1160 2892 1162 2925; x_wconf 83' lang='grc'>,</span> 
     </span>
     <span class='ocr_line' id='line_1_21' title="bbox 161 2956 1162 3053; baseline -0.006 -22"><span class='ocrx_word' id='word_1_133' title='bbox 161 2974 257 3043; x_wconf 83' lang='lat' dir='ltr'>rent,</span> <span class='ocrx_word' id='word_1_134' title='bbox 282 2974 315 3027; x_wconf 86' lang='lat' dir='ltr'>et</span> <span class='ocrx_word' id='word_1_135' title='bbox 329 2971 494 3051; x_wconf 74' lang='lat' dir='ltr'>perpetuo</span> <span class='ocrx_word' id='word_1_136' title='bbox 509 2971 653 3023; x_wconf 84' lang='lat' dir='ltr'>manent.</span> <span class='ocrx_word' id='word_1_137' title='bbox 678 2956 776 3044; x_wconf 83' lang='lat' dir='ltr'>Quae</span> <span class='ocrx_word' id='word_1_138' title='bbox 790 2971 900 3025; x_wconf 88' lang='lat' dir='ltr'>autem</span> <span class='ocrx_word' id='word_1_139' title='bbox 915 2978 1003 3053; x_wconf 85' lang='lat' dir='ltr'>vaga</span> <span class='ocrx_word' id='word_1_140' title='bbox 1014 2976 1048 3027; x_wconf 87' lang='lat' dir='ltr'>et</span> <span class='ocrx_word' id='word_1_141' title='bbox 1060 2979 1119 3026; x_wconf 84' lang='lat' dir='ltr'>nru-</span> <span class='ocrx_word' id='word_1_142' title='bbox 1160 3018 1162 3041; x_wconf 78' lang='grc'>,</span> 
     </span>
     <span class='ocr_line' id='line_1_22' title="bbox 161 3057 1162 3161; baseline -0.007 -20"><span class='ocrx_word' id='word_1_143' title='bbox 161 3064 253 3141; x_wconf 87' lang='lat' dir='ltr'>tn&#39;bili</span> <span class='ocrx_word' id='word_1_144' title='bbox 271 3064 398 3137; x_wconf 77' lang='lat' dir='ltr'>ratione</span> <span class='ocrx_word' id='word_1_145' title='bbox 420 3061 597 3149; x_wconf 78' lang='lat' dir='ltr'>labuntur,</span> <span class='ocrx_word' id='word_1_146' title='bbox 616 3057 661 3133; x_wconf 88' lang='lat' dir='ltr'>ita</span> <span class='ocrx_word' id='word_1_147' title='bbox 681 3081 833 3158; x_wconf 84' lang='lat' dir='ltr'>generata</span> <span class='ocrx_word' id='word_1_148' title='bbox 856 3063 953 3151; x_wconf 84' lang='lat' dir='ltr'>sunt,</span> <span class='ocrx_word' id='word_1_149' title='bbox 980 3084 1018 3139; x_wconf 90' lang='lat' dir='ltr'>ut</span> <span class='ocrx_word' id='word_1_150' title='bbox 1037 3066 1119 3161; x_wconf 83' lang='lat' dir='ltr'>suprt</span> <span class='ocrx_word' id='word_1_151' title='bbox 1149 3084 1162 3135; x_wconf 87' lang='lat'>⁰.</span> 
     </span>
     <span class='ocr_line' id='line_1_23' title="bbox 162 3177 1162 3281; baseline -0.005 -27"><span class='ocrx_word' id='word_1_152' title='bbox 162 3177 317 3255; x_wconf 73' lang='lat' dir='ltr'>ditinum</span> <span class='ocrx_word' id='word_1_153' title='bbox 346 3178 411 3249; x_wconf 71' lang='lat' dir='ltr'>lrun</span> <span class='ocrx_word' id='word_1_154' title='bbox 432 3199 516 3249; x_wconf 88' lang='lat' dir='ltr'>vero</span> <span class='ocrx_word' id='word_1_155' title='bbox 535 3193 681 3262; x_wconf 84' lang='lat' dir='ltr'>terram,</span> <span class='ocrx_word' id='word_1_156' title='bbox 699 3177 848 3251; x_wconf 85' lang='lat' dir='ltr'>altricem</span> <span class='ocrx_word' id='word_1_157' title='bbox 863 3177 1011 3251; x_wconf 82' lang='lat' dir='ltr'>nostram</span> <span class='ocrx_word' id='word_1_158' title='bbox 1023 3232 1035 3266; x_wconf 90' lang='lat'>‚</span> <span class='ocrx_word' id='word_1_159' title='bbox 1047 3198 1118 3276; x_wconf 82' lang='lat' dir='ltr'>quan</span> <span class='ocrx_word' id='word_1_160' title='bbox 1160 3266 1162 3281; x_wconf 40' lang='grc' dir='ltr'>Ι</span> 
     </span>
     <span class='ocr_line' id='line_1_24' title="bbox 160 3286 1117 3386; baseline -0.005 -19"><span class='ocrx_word' id='word_1_161' title='bbox 160 3292 297 3367; x_wconf 75' lang='lat' dir='ltr'>truirllo</span> <span class='ocrx_word' id='word_1_162' title='bbox 314 3316 376 3363; x_wconf 83' lang='lat' dir='ltr'>rure</span> <span class='ocrx_word' id='word_1_163' title='bbox 400 3286 596 3376; x_wconf 75' lang='lat' dir='ltr'>sustinetur,</span> <span class='ocrx_word' id='word_1_164' title='bbox 617 3290 683 3361; x_wconf 88' lang='lat' dir='ltr'>diei</span> <span class='ocrx_word' id='word_1_165' title='bbox 705 3288 878 3386; x_wconf 65' lang='lat' dir='ltr'>uobisque</span> <span class='ocrx_word' id='word_1_166' title='bbox 897 3289 1117 3373; x_wconf 72' lang='lat' dir='ltr'>effectricem,</span> 
     </span>
     <span class='ocr_line' id='line_1_25' title="bbox 159 3395 1117 3505; baseline -0.013 -26"><span class='ocrx_word' id='word_1_167' title='bbox 159 3406 365 3505; x_wconf 77' lang='lat' dir='ltr'>eundemque</span> <span class='ocrx_word' id='word_1_168' title='bbox 377 3402 567 3481; x_wconf 80' lang='lat' dir='ltr'>custodem,</span> <span class='ocrx_word' id='word_1_169' title='bbox 590 3398 846 3496; x_wconf 77' lang='lat' dir='ltr'>antiquissimam</span> <span class='ocrx_word' id='word_1_170' title='bbox 863 3400 1010 3473; x_wconf 87' lang='lat' dir='ltr'>deorum</span> <span class='ocrx_word' id='word_1_171' title='bbox 1023 3395 1117 3474; x_wconf 78' lang='lat' dir='ltr'>voluit</span> 
     </span>
     <span class='ocr_line' id='line_1_26' title="bbox 158 3511 1116 3613; baseline -0.006 -26"><span class='ocrx_word' id='word_1_172' title='bbox 158 3516 225 3587; x_wconf 84' lang='lat' dir='ltr'>elle</span> <span class='ocrx_word' id='word_1_173' title='bbox 237 3540 371 3607; x_wconf 85' lang='lat' dir='ltr'>eorum,</span> <span class='ocrx_word' id='word_1_174' title='bbox 390 3515 446 3613; x_wconf 89' lang='lat' dir='ltr'>qui</span> <span class='ocrx_word' id='word_1_175' title='bbox 465 3514 548 3586; x_wconf 86' lang='lat' dir='ltr'>intra</span> <span class='ocrx_word' id='word_1_176' title='bbox 561 3512 691 3587; x_wconf 89' lang='lat' dir='ltr'>coelum</span> <span class='ocrx_word' id='word_1_177' title='bbox 707 3511 933 3608; x_wconf 80' lang='lat' dir='ltr'>gignerentur.</span> <span class='ocrx_word' id='word_1_178' title='bbox 955 3511 1116 3585; x_wconf 80' lang='lat' dir='ltr'>Flexionrt</span> 
     </span>
     <span class='ocr_line' id='line_1_27' title="bbox 157 3621 1115 3717; baseline 0.004 -26"><span class='ocrx_word' id='word_1_179' title='bbox 157 3640 267 3695; x_wconf 84' lang='lat' dir='ltr'>trrtern</span> <span class='ocrx_word' id='word_1_180' title='bbox 292 3628 456 3709; x_wconf 83' lang='lat' dir='ltr'>deorum,</span> <span class='ocrx_word' id='word_1_181' title='bbox 474 3640 507 3697; x_wconf 88' lang='lat' dir='ltr'>et</span> <span class='ocrx_word' id='word_1_182' title='bbox 531 3621 614 3697; x_wconf 88' lang='lat' dir='ltr'>inter</span> <span class='ocrx_word' id='word_1_183' title='bbox 635 3622 724 3717; x_wconf 85' lang='lat' dir='ltr'>ipsos</span> <span class='ocrx_word' id='word_1_184' title='bbox 750 3621 833 3693; x_wconf 85' lang='lat' dir='ltr'>deos</span> <span class='ocrx_word' id='word_1_185' title='bbox 859 3623 1115 3705; x_wconf 55' lang='lat' dir='ltr'>concursionem</span> 
     </span>
     <span class='ocr_line' id='line_1_28' title="bbox 155 3731 1113 3825; baseline 0.006 -28"><span class='ocrx_word' id='word_1_186' title='bbox 155 3750 309 3825; x_wconf 79' lang='lat' dir='ltr'>qunque</span> <span class='ocrx_word' id='word_1_187' title='bbox 323 3733 356 3801; x_wconf 90' lang='lat' dir='ltr'>iu</span> <span class='ocrx_word' id='word_1_188' title='bbox 374 3735 513 3807; x_wconf 82' lang='lat' dir='ltr'>orbibus</span> <span class='ocrx_word' id='word_1_189' title='bbox 532 3756 649 3804; x_wconf 89' lang='lat' dir='ltr'>eorum</span> <span class='ocrx_word' id='word_1_190' title='bbox 667 3731 906 3805; x_wconf 80' lang='lat' dir='ltr'>conversiones</span> <span class='ocrx_word' id='word_1_191' title='bbox 927 3731 1113 3808; x_wconf 82' lang='lat' dir='ltr'>antecessio·</span> 
     </span>
     <span class='ocr_line' id='line_1_29' title="bbox 156 3840 1111 3945; baseline 0.005 -36"><span class='ocrx_word' id='word_1_192' title='bbox 156 3858 282 3931; x_wconf 77' lang='lat' dir='ltr'>neuque</span> <span class='ocrx_word' id='word_1_193' title='bbox 296 3842 469 3927; x_wconf 77' lang='lat' dir='ltr'>evenient,</span> <span class='ocrx_word' id='word_1_194' title='bbox 486 3868 629 3939; x_wconf 88' lang='lat' dir='ltr'>cumque</span> <span class='ocrx_word' id='word_1_195' title='bbox 647 3842 732 3911; x_wconf 86' lang='lat' dir='ltr'>iuter</span> <span class='ocrx_word' id='word_1_196' title='bbox 744 3840 776 3911; x_wconf 89' lang='lat' dir='ltr'>se</span> <span class='ocrx_word' id='word_1_197' title='bbox 790 3866 896 3937; x_wconf 85' lang='lat' dir='ltr'>paene</span> <span class='ocrx_word' id='word_1_198' title='bbox 909 3848 1111 3945; x_wconf 81' lang='lat' dir='ltr'>contingant,</span> 
     </span>
     <span class='ocr_line' id='line_1_30' title="bbox 154 3948 1111 4057; baseline 0.018 -41"><span class='ocrx_word' id='word_1_199' title='bbox 154 3966 263 4025; x_wconf 65' lang='grc' dir='ltr'>ιιιιιι</span> <span class='ocrx_word' id='word_1_200' title='bbox 254 3948 311 4041; x_wconf 87' lang='lat' dir='ltr'>qui</span> <span class='ocrx_word' id='word_1_201' title='bbox 327 3974 432 4045; x_wconf 80' lang='lat' dir='ltr'>prope</span> <span class='ocrx_word' id='word_1_202' title='bbox 448 3958 647 4051; x_wconf 80' lang='lat' dir='ltr'>copulentur</span> <span class='ocrx_word' id='word_1_203' title='bbox 660 3978 826 4030; x_wconf 74' lang='lat' dir='ltr'>contraria</span> <span class='ocrx_word' id='word_1_204' title='bbox 839 3984 996 4057; x_wconf 77' lang='lat' dir='ltr'>regione</span> <span class='ocrx_word' id='word_1_205' title='bbox 1008 3980 1111 4054; x_wconf 84' lang='lat' dir='ltr'>etpo-</span> 
     </span>
     <span class='ocr_line' id='line_1_31' title="bbox 154 4068 1110 4167; baseline 0.013 -40"><span class='ocrx_word' id='word_1_206' title='bbox 154 4078 223 4127; x_wconf 80' lang='lat' dir='ltr'>nrr</span> <span class='ocrx_word' id='word_1_207' title='bbox 214 4082 323 4153; x_wconf 76' lang='lat' dir='ltr'>quru</span> <span class='ocrx_word' id='word_1_208' title='bbox 287 4082 484 4135; x_wconf 65' lang='lat' dir='ltr'>iuuante</span> <span class='ocrx_word' id='word_1_209' title='bbox 504 4068 676 4153; x_wconf 77' lang='lat' dir='ltr'>labantur,</span> <span class='ocrx_word' id='word_1_210' title='bbox 697 4068 890 4166; x_wconf 79' lang='lat' dir='ltr'>quibusque</span> <span class='ocrx_word' id='word_1_211' title='bbox 907 4068 1110 4167; x_wconf 78' lang='lat' dir='ltr'>tenporibus</span> 
     </span>
    </p>
   </div>
   <div class='ocr_carea' id='block_1_4' title="bbox 151 4166 1109 4277">
    <p class='ocr_par' dir='ltr' id='par_1_4' title="bbox 151 4166 1109 4277">
     <span class='ocr_line' id='line_1_32' title="bbox 151 4166 1109 4277; baseline 0.01 -34"><span class='ocrx_word' id='word_1_212' title='bbox 151 4186 171 4243; x_wconf 88' lang='lat' dir='ltr'>t</span> <span class='ocrx_word' id='word_1_213' title='bbox 185 4166 297 4247; x_wconf 86' lang='lat' dir='ltr'>uullru</span> <span class='ocrx_word' id='word_1_214' title='bbox 311 4172 363 4245; x_wconf 81' lang='lat' dir='ltr'>all</span> <span class='ocrx_word' id='word_1_215' title='bbox 366 4172 462 4269; x_wconf 71' lang='lat' dir='ltr'>pcllu</span> <span class='ocrx_word' id='word_1_216' title='bbox 474 4176 667 4251; x_wconf 84' lang='lat' dir='ltr'>oblitescant</span> <span class='ocrx_word' id='word_1_217' title='bbox 677 4175 886 4277; x_wconf 80' lang='lat' dir='ltr'>rursusque</span> <span class='ocrx_word' id='word_1_218' title='bbox 894 4178 1015 4255; x_wconf 78' lang='lat' dir='ltr'>ernerb</span> <span class='ocrx_word' id='word_1_219' title='bbox 1026 4198 1109 4253; x_wconf 79' lang='lat' dir='ltr'>etro·</span> 
     </span>
    </p>
   </div>
   <div class='ocr_carea' id='block_1_5' title="bbox 0 0 1174 4628">
    <p class='ocr_par' dir='ltr' id='par_1_5' title="bbox 0 0 1174 4628">
     <span class='ocr_line' id='line_1_33' title="bbox 0 0 1174 4628; baseline 0 4"><span class='ocrx_word' id='word_1_220' title='bbox 0 0 1174 4628; x_wconf 95' lang='lat' dir='ltr'> </span> 
     </span>
    </p>
   </div>
  </div>
 </body>
</html>
