2340 4628
237 490 253 541 l

157 675 207 750 aa
328 653 892 747 'promeris

156 834 266 909 dentia
276 833 418 907 mmmm
431 834 573 933 poterim
588 832 656 906 fine
673 830 793 906 iustitia
805 831 888 905 nihil
900 829 1028 909 valebit
1038 858 1123 933 pru·

97 975 142 1026 ro
157 947 275 1019 dentia.
297 945 382 1033 Sed,
395 969 436 1017 ne
454 945 531 1043 quis
550 943 588 1017 fit
609 942 908 1032 admiratus,'cur,
922 960 1003 1018 'cum
1025 944 1121 1018 inter

108 1093 138 1145 35
156 1081 274 1130 omnes
286 1055 505 1153 philosophos
517 1053 667 1144 constet,
681 1078 701 1125 a
713 1080 834 1152 meque
851 1054 927 1152 ipso
942 1055 1040 1154 saepe
1053 1056 1121 1130 dis·

156 1184 309 1263 putatum
328 1164 366 1238 srt
383 1213 396 1251 ,
411 1165 469 1264 qui
483 1191 583 1238 unam
595 1165 756 1249 haberet,
771 1189 890 1239 omnes
903 1166 1029 1240 habere
1044 1165 1120 1240 vir·

156 1291 261 1361 tutes;
278 1298 366 1349 nuuc
377 1277 422 1348 ira
439 1264 619 1371 seidngam,
635 1271 724 1370 quasi
738 1272 839 1370 poffit
851 1273 1047 1372 quisquam,
1059 1272 1120 1372 qui

157 1370 228 1455 non
247 1384 336 1457 idem
353 1384 497 1482 prudens
510 1382 568 1474 sit,
585 1382 686 1457 iustus
705 1381 791 1456 effe:
813 1384 875 1479 alia
889 1381 939 1456 est
955 1383 1028 1475 illa,
1040 1408 1120 1457 cum

158 1493 282 1569 veritas
298 1494 367 1592 ipsa
386 1495 518 1565 limatur
530 1494 564 1566 in
587 1492 828 1590 disputatione,
840 1493 1022 1578 subtilitas;
1036 1492 1122 1582 alia,

105 1599 114 1625 '
158 1627 235 1676 cum
255 1605 297 1676 ad
309 1604 509 1702 opinionem
523 1626 738 1677 communem
757 1601 869 1677 omnis
884 1601 1122 1676 accommoda·

156 1731 212 1786 tur
224 1715 343 1788 oratio.
361 1713 607 1808 Quamobrem,
624 1732 661 1786 ut
673 1715 807 1812 vulgus,
820 1712 865 1786 ita
882 1736 947 1786 nos
961 1713 1029 1786 boc
1041 1712 1121 1784 loeo

157 1823 348 1922 loquimur,
372 1847 410 1898 ut
430 1827 513 1898 alios
531 1824 658 1915 fortes,
671 1827 754 1899 alios
775 1826 886 1898 bonos
907 1824 1001 1897 viros
1013 1871 1025 1910 ,
1037 1823 1122 1895 alios

159 1935 337 2031 prudentes
351 1935 508 2009 dicamus.
521 1937 734 2034 popularibus
743 1937 831 2010 enim
842 1936 955 2010 verbis
969 1936 1017 2011 est
1026 1960 1123 2035 agen·

160 2044 239 2117 dum
252 2068 309 2136 ,et
321 2045 457 2135 usitatis,
472 2071 547 2119 cum
561 2046 730 2143 loquimur
742 2045 785 2118 de
797 2043 959 2143 opinione
980 2045 1123 2143 popula·

160 2153 190 2224 ri
204 2208 215 2243 ,
228 2156 329 2253 idque
340 2156 460 2229 eodem
483 2155 589 2227 modo
603 2154 683 2228 fecit
698 2156 874 2228 Panaetius.
899 2156 966 2228 Sed
980 2157 1022 2228 ad
1037 2179 1122 2254 pro·

113 2291 147 2359 3⁶
163 2267 306 2362 positum
327 2290 544 2341 revertamur.
562 2271 644 2339 Erat-
663 2267 764 2365 igitur
782 2292 825 2340 ex
843 2267 965 2353 tribus,
977 2291 1064 2366 quae
1080 2266 1123 2339 ad

161 2376 301 2474 gloriam
321 2377 505 2474 pertinent,
524 2379 591 2451 hoc
603 2375 758 2461 tertium,
775 2395 812 2449 ut
833 2401 912 2449 cum
927 2376 1122 2449 admiratio·

162 2511 204 2557 ne
228 2486 422 2579 hominum,
436 2488 568 2562 honore
586 2489 627 2560 ab
643 2485 681 2559 iis
702 2485 792 2585 digni
806 2485 1037 2561 iudicaremur.
1057 2487 1123 2559 Ad-

162 2598 325 2671 mirantur
337 2599 437 2697 igitur
450 2597 671 2674 communiter
682 2596 728 2668 illi
741 2598 878 2696 quidem
889 2597 1024 2688 omnia,
1036 2621 1123 2697 quae

165 2730 340 2808 magna‚et
352 2731 481 2808 praeter
492 2712 688 2808 opinionem
697 2709 786 2783 suam
800 2711 1123 2799 animadverterunt3

164 2817 336 2913 separatim
352 2836 462 2891 autem
482 2818 515 2890 in
539 2819 692 2916 singulis,
710 2816 734 2890 fi
749 2818 949 2919 perspiciunt
969 2845 1032 2895 nec
1049 2821 1125 2920 opi·

164 2945 239 3001 nata
257 2928 416 3026 quaedam
431 2931 531 3002 bona.
544 2929 657 3026 itaque
669 2954 728 3004 eos
740 2929 833 3004 viros
844 2927 1036 3026 suspiciunt,
1051 2957 1124 3005 ma·

163 3040 328 3138 rimisque
347 3038 489 3112 efferunt
510 3039 677 3127 laudibus,
689 3040 724 3113 in
743 3041 862 3139 quibus
887 3040 1077 3115 existimant
1090 3041 1124 3116 se

164 3148 359 3222 excellentes
377 3147 534 3246 quasdam
555 3167 589 3221 et
606 3147 781 3247 singulares
799 3148 939 3224 virtutes
956 3149 1124 3247 perspice-

165 3284 222 3345 re;
238 3258 419 3358 despiciunt
432 3277 540 3331 autem
562 3281 639 3343 eos,
654 3277 687 3332 et
706 3252 947 3344 contemnunt,
954 3258 990 3330 in
1003 3259 1124 3356 quibus

165 3368 249 3441 nihil
273 3368 426 3458 virtutis,
445 3366 527 3438 nihil
544 3366 665 3456 animi,
684 3366 767 3438 nihil
789 3390 972 3440 nervorum
995 3363 1126 3463 putant.

167 3504 237 3551 non
261 3481 349 3552 enim
375 3503 493 3552 omnes
513 3501 572 3551 eos
594 3495 828 3562 contemnunt,
841 3476 882 3549 de
901 3477 1022 3574 quibus
1038 3477 1125 3554 male

103 3668 112 3687 .
168 3588 365 3662 existimant.
377 3614 453 3661 nam
466 3612 551 3691 quos
566 3586 762 3685 improbos,
777 3586 976 3676 maledicos,
988 3586 1127 3661 fraudu·

168 3701 277 3773 lentos
292 3720 410 3797 putant
423 3754 433 3788 ‚
448 3693 536 3773 et‘ad
556 3699 740 3774 faciendam
762 3699 913 3772 iniuriam
927 3698 1127 3789 instrudlos,

169 3834 229 3883 eos
249 3826 466 3882 contemnunt
478 3810 615 3907 quidem
629 3807 840 3906 neutiquam,
850 3808 905 3880 sed
917 3809 960 3880 de
974 3807 1026 3880 his
1041 3808 1128 3880 male
1143 3869 1147 3875 .

169 3915 368 3991 existimant.
383 3918 612 4011 Quamobrem
627 3917 689 4017 (ut
703 3941 777 3990 anre
793 3915 892 4015 dixi)
905 3932 1127 3989 contemnun-

170 4047 225 4119 tur
237 4025 281 4114 ii,
296 4024 354 4123 qui
370 4051 431 4099 nec
445 4027 502 4098 sibi
515 4081 526 4117 ‚
541 4050 601 4101 nec
618 4026 730 4114 alteri,
744 4045 779 4099 ut
796 4026 940 4109 dicitur3
957 4027 992 4098 in
1007 4028 1128 4127 quibus

124 4155 159 4219 tr
173 4137 279 4212 nullus
293 4137 401 4233 labor,
415 4137 502 4213 nulla
515 4137 691 4231 industria,
706 4138 792 4213 nulla
807 4163 886 4213 cura
898 4136 957 4214 est.
979 4140 1127 4215 Admira-
