2340 4628
166 673 217 745 ,4
406 641 497 718 Da
544 634 896 714 orere-trs

165 831 234 925 que
254 805 399 906 dignior.
419 827 621 902 quamquam
637 801 728 877 enim
739 801 776 874 in
788 821 936 901 utroque
948 797 1035 875 inest
1050 818 1129 899 gra·

165 892 310 993 tificandi
332 915 475 990 liberalis
500 914 677 997 voluntas.
700 930 814 985 tamen
834 914 937 985 altera
960 936 1006 985 ex
1028 936 1126 999 aron,

164 1026 267 1101 altera
287 1054 330 1100 ex
345 1027 474 1099 virtute
495 1024 721 1122 deprominu;
744 1024 964 1121 largitioque,
976 1048 1066 1121 quae
1086 1019 1127 1095 lit

163 1158 208 1206 ex
222 1161 258 1208 re
276 1135 451 1223 familiari,
462 1131 591 1207 fontem
610 1134 717 1232 ipsum
736 1133 944 1231 benignitatis
967 1131 1128 1207 exhaurit.

164 1240 212 1317 ita
232 1247 435 1344 benignitate
457 1243 638 1341 benignitas
651 1243 804 1327 tollitur;
824 1266 890 1340 qua
910 1265 983 1340 quo
1001 1242 1039 1313 in
1055 1240 1128 1337 plu-

120 1375 217 1430 stres
235 1352 311 1427 usus
332 1352 393 1443 fis,
408 1377 452 1425 eo
467 1353 579 1425 minus
599 1353 635 1424 in
658 1352 781 1424 multos
800 1351 849 1424 uti
870 1349 985 1448 pollis.
1010 1348 1126 1448 Atqui

165 1488 289 1562 opera,
302 1406 415 1553 idest,
428 1464 553 1535 virtute
567 1480 599 1535 et
612 1461 790 1551 industria,
802 1459 944 1537 benefici
958 1461 1128 1535 etlibera-

164 1568 213 1644 les
226 1591 339 1656 erunt,
353 1568 519 1665 primurn,
533 1593 602 1668 quo
615 1569 764 1671 pluribus
775 1567 982 1666 profiterint,
994 1569 1127 1665 eoplu·

164 1705 219 1753 res
229 1682 269 1753 ad
282 1680 423 1776 benigne
436 1677 624 1753 faciendum
642 1678 811 1753 adiutores
826 1675 1018 1750 habebunt:
1035 1674 1125 1749 dein·

164 1789 209 1863 de
230 1787 470 1862 consuetudine
493 1785 731 1862 beneficentiae
753 1788 935 1885 paratiores
951 1805 1072 1875 erunt,
1091 1801 1126 1859 et

164 1915 322 1994 tanquam
332 1898 576 1971 exercitatiores
591 1897 633 1971 ad
645 1897 730 1970 bene
742 1897 783 1969 de
801 1898 912 1972 multis
927 1921 1126 1995 promeren-

165 2004 260 2078 dum.
283 2005 452 2081 Praeclare
468 2005 605 2104 epistola
618 2007 760 2106 quadam
777 2009 999 2081 Alexandrum
1021 2006 1127 2079 filium

167 2116 341 2213 Philippus
366 2117 513 2205 accusat,
539 2120 632 2214 quod
657 2116 831 2214 largitione
858 2115 1130 2191 benevolentiam

167 2226 395 2298 Macedonum
403 2227 621 2300 consedetur.
638 2230 730 2322 Quae
739 2252 778 2317 ιι,
793 2234 931 2316 malum,
944 2228 1069 2325 inquit,
1080 2255 1133 2299 m·

168 2337 212 2405 tio
231 2338 267 2404 in
289 2336 378 2436 istam
391 2337 481 2430 spem
503 2340 654 2435 induxit,
674 2360 709 2404 ur
730 2364 780 2407 cos
800 2341 857 2406 tibi
873 2338 988 2426 fideles
1005 2360 1131 2430 putares

161 2443 247 2534 sore,
260 2471 338 2537 quos
350 2449 486 2539 pecunia
506 2443 709 2542 corrupiffcs?
728 2450 787 2515 An
801 2469 836 2514 tu
852 2450 889 2516 id
906 2447 993 2539 agis,
1007 2469 1043 2515 ur
1055 2448 1133 2515 Ma·

169 2555 295 2623 redonas
321 2580 388 2622 nort
413 2576 441 2623 tt
468 2581 562 2649 regem
583 2554 699 2645 suum,
708 2553 771 2644 scd
791 2555 963 2652 ministrum
989 2550 1132 2648 leprae·

168 2662 295 2731 birotam
316 2660 441 2753 sperent
457 2663 556 2751 fore?
585 2663 674 2734 Bene
688 2656 882 2745 ,ministrum
907 2680 941 2734 et
964 2663 1133 2758 praebito·

169 2794 263 2856 rem;
287 2771 364 2866 quia
386 2771 556 2842 sordidum
577 2771 670 2867 regi:
693 2771 810 2843 melius
828 2768 944 2861 etiam,
963 2775 1057 2869 quod
1073 2774 1135 2845 lar·

168 2878 349 2977 gitionem,
365 2884 584 2977 corruptelam
605 2882 670 2953 else
689 2883 783 2956 dixit.
805 2881 843 2955 fit
856 2884 946 2956 enim
966 2885 1133 2970 deterior,

170 2985 229 3082 qui
242 2985 381 3081 accipit,
393 3006 492 3085 atque
505 2991 547 3061 ad
560 2991 648 3064 idem
665 2993 794 3091 semper
807 2995 1062 3093 exspellandum
1077 3020 1135 3094 pa·

123 3120 154 3171 ιι
170 3097 284 3169 ratior.
305 3097 455 3170 Hoc‘ille
474 3097 563 3171 filio:
585 3099 639 3174 led
660 3128 871 3202 praeceptum
896 3123 1050 3202 putemus
1063 3131 1136 3178 om·

170 3206 275 3279 nibus.
311 3208 543 3301 Quamobrem
570 3209 605 3282 id
632 3214 767 3309 quidem
805 3239 874 3286 non
902 3213 1041 3286 dubium
1065 3212 1136 3305 est,

170 3319 252 3419 quin
272 3319 326 3415 illa¹
348 3321 557 3420 benignita5‚
581 3345 665 3417 quae
689 3323 816 3397 conllet
839 3350 882 3398 ex
902 3348 1008 3421 opera
1027 3342 1063 3398 et
1084 3325 1137 3396 in·

171 3428 315 3527 dustria,
337 3449 369 3503 et
383 3431 557 3504 honestior
579 3433 641 3523 stt,
659 3452 692 3507 et
712 3436 808 3509 latius
832 3453 965 3532 pateat,
986 3452 1020 3508 et
1039 3434 1137 3531 poffit

172 3540 324 3634 prodelle
350 3542 507 3636 pluribus.
536 3567 777 3642 nonnunquam
799 3565 909 3618 tamen
928 3546 975 3619 est
995 3546 1136 3646 largien-

173 3646 277 3745 dum,
290 3672 351 3720 nec
366 3649 432 3724 hoc
446 3650 655 3748 benignitatis
676 3679 779 3751 genus
799 3656 941 3729 omnino
959 3659 1139 3753 repudian-

173 3728 254 3828 dum
279 3754 346 3842 είι;
371 3777 404 3828 et
424 3758 518 3856 saepe
541 3763 672 3838 idoneis
698 3765 891 3836 hominibus
911 3766 1139 3866 indigentibus

177 3864 219 3935 de
233 3888 268 3934 re
287 3861 439 3937 familiari
453 3867 735 3965 impertiendum
751 3873 808 3946 sed
829 3874 1028 3972 diligenter,
1041 3899 1141 3973 atque

178 3971 360 4046 moderate.
374 3975 469 4047 multi
481 3979 571 4050 enim
586 3980 784 4077 patrimonia
798 3983 1031 4075 effuderunts
1022 4012 1142 4059 incon

181 4080 261 4155 lulte
276 4082 456 4183 largiendo.
482 4088 576 4180 Quid
592 4107 702 4163 autem
715 4089 762 4166 est
774 4090 917 4186 stultius,
931 4118 1035 4194 quam
1048 4093 1142 4196 quod
