2340 4628
473 406 478 419 1
813 392 816 397 Ι
957 348 972 385 0

383 444 388 453 .
475 440 482 461 ,
866 464 869 470 Ι

243 648 323 737 nn
368 624 680 743 uuuctttn.
839 626 975 767 ἰη’

81 824 209 901 offidie
221 850 261 901 ac
277 826 513 904 vohtntadbuus.
535 829 603 905 hoe
620 816 766 929 quident
774 826 825 906 esi
841 828 948 907 nimis

68 961 97 1011 te
111 936 295 1013 et‘euilitee
309 938 357 1011 ad
379 939 525 1014 calculos
546 964 671 1015 vocare
690 939 890 1031 amicitiam,
901 959 947 1017 ut

68 1042 99 1119 it
118 1046 207 1121 ratio
224 1066 444 1155 acceptorum
461 1068 496 1123 et
521 1048 688 1125 datorum.
727 1048 842 1125 Ditior
858 1049 947 1125 mibi·

68 1154 223 1231 detentiot
237 1148 378 1234 'videtur
403 1158 468 1232 esse
494 1174 576 1233 vera
599 1158 767 1247 amicitia3
787 1184 855 1234 nec
873 1156 943 1233 ob·

68 1288 112 1339 ue
127 1264 298 1357 restitue,
318 1292 361 1341 ne
381 1268 457 1365 pius
475 1267 613 1356 reddat,
637 1292 739 1366 cpiam
765 1267 948 1364 acceperit.

68 1392 90 1443 e
116 1372 207 1445 enini
234 1376 419 1449 verendum
442 1372 510 1461 esi,
535 1400 578 1449 ne
601 1375 690 1475 quid
711 1373 863 1466 excidat,
887 1398 947 1451 aut

68 1478 119 1555 tid
139 1482 315 1561 interrant
338 1485 557 1576 defluu,au
578 1510 620 1561 ne
643 1486 845 1585 pluaaeqno
863 1484 946 1585 quid

68 1590 206 1669 mititiam
222 1619 444 1698 congenituc.¹
462 1597 596 1673 Tertius
610 1622 695 1673 uero
714 1596 771 1672 ille
789 1592 867 1671 sinis
883 1595 946 1671 de·
964 1611 1005 1665 aa

68 1726 159 1795 niun,
180 1728 243 1797 ut,
266 1708 382 1806 quami
399 1707 541 1809 quisque
568 1706 608 1781 se·
626 1704 845 1806 ipse‘faciat,
862 1706 947 1781 tanti
981 1777 987 1787 .

68 1808 105 1883 th
120 1813 247 1889 amicis.
280 1815 377 1915 saepe
397 1817 486 1890 enim
509 1817 549 1891 in
566 1816 765 1916 quibusdan
791 1832 849 1890 aut
873 1815 945 1891 ani-
1016 1897 1027 1917 ‚

74 1920 236 1997 abiectior
257 1925 327 2015 est,
347 1946 405 2000 aut
431 1926 505 2027 spes
522 1924 772 2025 amplificandae
790 1924 951 2003 fortunae

68 2028 134 2111 iot·
151 2058 223 2107 non
244 2034 293 2109 est
314 2036 418 2133 igitur
436 2036 671 2124 amici,taiem
696 2034 761 2109 effe
783 2034 820 2108 in
842 2058 954 2125 eum,

68 2135 161 2215 'cille
184 2143 219 2216 in
242 2143 275 2218 se
296 2134 364 2230 ἐῢς
385 2145 439 2218 sed
462 2146 573 2243 potius
595 2145 675 2220 eniti
692 2162 728 2220 et
741 2144 953 2233 efficere,ut

68 2245 84 2319 i
101 2248 265 2325 iacentem
278 2253 426 2325 animum
440 2256 577 2338 excitet,
590 2251 788 2348 inducatque
801 2248 838 2321 in
853 2248 946 2347 spem

68 2356 296 2458 rationemque
315 2363 500 2435 meliorem.
525 2361 620 2432 Alius
646 2359 744 2455 igitur
760 2356 834 2432 finis
847 2383 956 2433 verae

68 2466 152 2551 itiae
176 2470 423 2550 constituendus
443 2471 510 2557 est,
530 2472 553 2544 sn
575 2493 664 2568 prius
673 2480 688 2559 ,'
700 2469 781 2566 quid
804 2468 952 2542 maxime

68 2578 226 2657 dtcndete
238 2585 352 2683 Scipio
367 2583 481 2657 solitus
495 2583 552 2672 sit,
565 2576 714 2655 edixere.
740 2579 890 2677 Negabat
905 2579 957 2651 ul·

68 2716 189 2767 vocent
212 2695 437 2772 inimiciorem·
453 2693 616 2768 amicitiae
638 2690 777 2790 potuisse
801 2688 961 2788 reperiri,

68 2828 88 2876 n
114 2804 207 2913 eitp,
227 2807 286 2905 qui
309 2806 455 2897 dixisset,
475 2807 520 2879 ita
538 2829 648 2879 amate
667 2824 849 2902 oportere,
867 2819 905 2875 ut
926 2798 957 2871 sn

68 2918 255 2993 tandoeffet
272 2920 397 2994 osurus.
427 2945 488 2995 nec
507 2943 591 2994 veno
607 2917 640 2990 se
660 2917 780 2992 adduci
794 2915 904 3016 posse,
916 2932 961 2989 ut

68 3033 369 3128 ‚quemadmodum
384 3050 568 3129 putaretur,
584 3056 603 3105 a
621 3030 734 3104 Biante
748 3028 812 3104 effe
826 3028 957 3102 diuum

68 3158 164 3226 aret,
178 3140 235 3238 qui
252 3141 378 3236 sapiens
405 3139 534 3215 habitus
559 3140 649 3214 esset.
661 3164 749 3212 unus
768 3162 786 3209 e
807 3137 932 3232 septem
943 3156 962 3217 ;:

68 3248 186 3347 impuri
211 3250 409 3337 cuiusdam,
429 3268 485 3322 aut
505 3249 687 3334 ambitiosi,
707 3266 766 3320 aut·
783 3246 896 3317 omnia
914 3247 960 3317 ad

68 3382 82 3429 t
96 3360 281 3455 potentiam
294 3364 483 3437 revocantis
497 3361 564 3435 effe
576 3358 778 3433 sententiam.
797 3361 956 3451 Quonam

68 3492 79 3541 ι
91 3471 198 3544 modo
212 3473 384 3571 quisquam
398 3473 523 3547 amicus
536 3470 606 3545 esse·
614 3470 762 3567 poterit,
773 3471 828 3544 cui
847 3470 879 3543 se
891 3496 959 3569 pu⁵

68 3579 267 3658 :inimicum
290 3584 356 3659 effe
378 3585 499 3684 posse?
527 3587 608 3684 quin
627 3583 725 3658 etiam
749 3584 876 3659 necesse
897 3588 964 3663 enit
1015 3630 1018 3635 ·

68 3712 114 3762 ue
125 3711 160 3763 et
177 3688 294 3789 optar'e
305 3742 323 3780 ,
335 3712 371 3768 ut
387 3721 487 3794 quam
502 3691 683 3792 saepiffime
697 3712 812 3790 peccet
819 3697 963 3786 amicus,

74 3802 186 3901 plures
200 3806 257 3879 det
277 3806 336 3881 fibi
354 3831 510 3905 tanquam
534 3807 625 3881 ansas
645 3805 687 3879 ad
712 3808 960 3903 reprehenden-

68 3915 241 3989 ·crursunn
254 3937 362 3991 autem
383 3920 471 3991 rotie
492 3916 584 3990 fastis
601 3919 859 4017 commodisque
873 3922 960 3993 ami·

68 4048 109 4095 un
135 4021 264 4096 necede
298 4026 360 4098 erit
380 4026 478 4122 angi,
501 4025 636 4112 dolere,
659 4024 821 4101 inuidere.
848 4029 961 4119 Quare
976 4045 1009 4098 a·

74 4135 214 4234 quidem
233 4139 472 4236 praeceptum,
491 4136 719 4237 citiuscunque
739 4138 811 4231 esi,
826 4139 873 4212 ad
890 4140 957 4213 tol·
1066 4164 1070 4173 ·
