2340 4628
160 642 234 749 336
416 630 912 711 FRAGMENTA

160 802 354 881 retomnia.
374 796 1163 899 licerrimmtttesse,qriiflaieu'rett

160 916 330 1001 condidit,
344 914 450 1011 ipsmn
471 912 505 985 se
521 928 717 985 cortem
734 908 804 983 effe
822 914 1118 1009 mmmm-nep
1159 930 1163 973 ι

161 1052 262 1127 egere
280 1028 398 1099 altero.
420 1025 607 1117 ltaqrenec
622 1018 656 1091 ei
674 1018 1116 1123 mmuaffinxir‚qr'ut
1158 1012 1164 1080 l

160 1136 360 1235 capiendum
389 1134 573 1231 quidquam
598 1148 689 1215 ent,
709 1154 775 1201 nec
791 1130 1052 1227 repdlmdm
1070 1152 1119 1203 n
1159 1142 1164 1191 ¹

160 1250 285 1349 pedet,
298 1270 361 1319 nec
374 1244 437 1317 alia
453 1242 620 1331 membra,
641 1240 764 1339 qtnbus
779 1244 973 1342 ingreffum
988 1266 1117 1341 corpore
1160 1254 1164 1300 l

75 1368 80 1377 '
142 1362 343 1435 tudinem.
362 1378 495 1431 motum
511 1356 602 1427 enim
619 1354 712 1428 dedit
733 1356 838 1429 coelo
856 1382 942 1431 eum
953 1412 967 1447 ,
978 1358 1038 1457 qui
1053 1356 1120 1455 bgr·
1161 1368 1164 1409 ¹

104 1504 113 1541 ι
161 1498 220 1547 rae
235 1476 308 1547 eius
325 1472 363 1544 fit
383 1466 661 1567 aptiflimns,qtti
681 1468 974 1565 tmmexseptenr
992 1470 1120 1543 motibtr
1162 1476 1164 1515 ¹

162 1604 308 1657 mentem
322 1602 423 1679 atque
440 1576 692 1677 intelligentiam
709 1578 890 1653 cohiberet
910 1580 1121 1655 maximelra·
1162 1584 1165 1589 ’

162 1718 232 1791 que
257 1716 323 1763 una
347 1688 571 1763 conversione
596 1706 697 1787 atque
720 1689 840 1761 eadem
860 1690 937 1787 ipse
956 1686 1121 1767 circem

163 1818 340 1899 torquetur
355 1822 390 1874 et
406 1800 560 1873 vertitur.
584 1801 649 1873 Sex
664 1820 777 1873 autem
793 1798 950 1899 reliquos
966 1796 1121 1873 moriad

164 1938 209 1989 eo
226 1912 404 2009 separavit.
422 1910 534 2008 itaque
552 1934 630 1983 eum
649 1911 693 1982 ab
710 1910 808 1983 omni
828 1914 1003 1989 erratione
1022 1912 1121 1987 libera

164 2024 227 2099 vit.
251 2026 307 2095 Ad
325 2023 411 2095 hanc
430 2020 531 2119 igitur
549 2018 823 2108 convertionem,
843 2046 935 2118 quae
951 2022 1119 2123 pedibset

165 2134 266 2233 gradu
292 2158 361 2205 non
386 2153 520 2229 egeret,
537 2130 743 2230 ingrediendi
761 2130 917 2205 membra
938 2158 1012 2208 non
1034 2131 1121 2205 dedit.

166 2242 259 2315 llaec
273 2244 367 2315 Deus
379 2240 426 2328 is,
440 2238 497 2337 qui
512 2262 601 2326 erar,
610 2236 652 2310 de
664 2236 845 2335 aliquando
859 2228 946 2313 Deo
960 2238 1122 2313 litturoco

165 2352 287 2451 girans,
299 2350 428 2423 laevem
443 2376 519 2421 eum
532 2346 645 2421 effecit
656 2368 690 2420 et
701 2346 850 2445 undique
863 2348 1136 2447 aequabilem‚et'

166 2486 187 2537 a
202 2462 316 2534 medio
330 2461 371 2532 ad
389 2460 554 2532 summum
569 2484 704 2556 parem,
718 2476 752 2529 et
765 2456 953 2552 perfeetum
966 2458 1120 2559 arqueab·

168 2574 316 2650 solutum
327 2598 368 2643 ex
380 2569 534 2642 absolutis
549 2586 647 2667 arque
661 2564 823 2664 persedit.
854 2566 1018 2641 Animum
1030 2584 1122 2639 auten

169 2684 255 2755 trtin
270 2704 313 2751 eo
334 2678 449 2753 medio
471 2676 674 2765 collocavit,
689 2676 733 2748 ita
754 2702 817 2771 per
840 2695 955 2749 totum
981 2676 1121 2752 tetendit:

169 2790 289 2861 deinde
302 2812 380 2858 eum
407 2786 625 2856 circumdedit
642 2810 803 2883 corpore,
816 2809 851 2861 et
863 2787 1004 2861 vestivit
1017 2784 1122 2860 extrin-

168 2893 284 2968 secus:
310 2892 473 2987 coeloque
492 2890 661 2989 solivago,
683 2916 718 2967 et
736 2894 898 2981 volubili,
922 2894 1006 2968 etin
1023 2895 1122 2967 orbem

168 2999 307 3075 incitato
330 3000 523 3095 complexus
548 2998 618 3089 ell,
642 3003 736 3098 qnod
759 3001 870 3075 securn
895 3004 1008 3099 ipsum
1029 3022 1122 3100 prop·

169 3130 222 3187 tet
245 3112 404 3183 virtutem
426 3106 526 3181 facile
545 3108 612 3183 etse
636 3110 770 3208 pollen
789 3135 852 3183 nec
873 3110 1072 3185 desideraret
1092 3104 1122 3177 al

170 3238 304 3305 terum,
336 3218 409 3291 satis
436 3216 494 3289 fibi
520 3218 627 3314 ipsum
661 3240 778 3292 notum
808 3237 842 3291 et
875 3220 1049 3292 familiare.
1079 3214 1121 3287 stc

171 3332 269 3407 Deus
299 3332 353 3403 ille
381 3347 534 3402 aeternus
561 3330 650 3403 hunc
680 3327 823 3427 perfelle
853 3330 991 3403 beatum
1025 3332 1121 3404 Deum

171 3440 377 3537 procreavit.
401 3438 456 3511 sed
482 3440 628 3511 animum
653 3439 739 3511 haud
760 3440 830 3526 ira,
848 3456 887 3509 ut
908 3440 1018 3511 modo
1035 3426 1123 3510 locuti

172 3546 310 3635 sumus,
331 3567 401 3620 tum
426 3548 589 3644 denique,
610 3570 688 3618 curn
711 3569 835 3645 corpus
849 3546 881 3619 ei
894 3544 1068 3631 effecitfet,
1083 3542 1124 3615 in·

173 3656 323 3728 choavit.
353 3682 461 3756 neque
484 3658 572 3729 enim
597 3656 675 3730 ellet
702 3659 851 3743 rectum,
873 3657 1000 3731 minori
1023 3672 1125 3754 parete

173 3761 349 3832 maiorem.
382 3767 447 3838 Sed
468 3790 532 3839 nos
559 3765 662 3837 multa
683 3762 924 3838 inconsiderate
950 3789 990 3838 ac
1015 3778 1125 3837 temen

132 3892 157 3967 7
175 3864 325 3937 dicimus.
350 3872 444 3945 Dens
468 3895 577 3945 autem
603 3890 636 3945 et
657 3892 752 3963 ortu,
772 3896 807 3946 et
823 3873 948 3948 virtute
969 3866 1125 3969 antiquio·

173 3996 245 4045 rent
272 3976 385 4072 genuit
409 3981 581 4068 animum,
602 4004 746 4079 eumque
770 4000 807 4054 ut
825 3981 1004 4054 dominum
1038 3994 1126 4075 arque

173 4084 415 4187 imperantem,
443 4091 613 4166 obedienti
640 4091 798 4193 praefecit
828 4095 1006 4193 corpori;
1037 4093 1127 4192 idque
