<?xml version="1.0" encoding="UTF-8"?>
<!DOCTYPE html PUBLIC "-//W3C//DTD XHTML 1.0 Transitional//EN"
    "http://www.w3.org/TR/xhtml1/DTD/xhtml1-transitional.dtd">
<html xmlns="http://www.w3.org/1999/xhtml" xml:lang="en" lang="en">
 <head>
  <title>
</title>
<meta http-equiv="Content-Type" content="text/html;charset=utf-8" />
  <meta name='ocr-system' content='tesseract 3.04.00' />
  <meta name='ocr-capabilities' content='ocr_page ocr_carea ocr_par ocr_line ocrx_word'/>
</head>
<body>
  <div class='ocr_page' id='page_1' title='image "./mtulliiciceroni01plutgoog_0156.png"; bbox 0 0 2340 4628; ppageno 0'>
   <div class='ocr_carea' id='block_1_1' title="bbox 745 360 753 381">
    <p class='ocr_par' dir='ltr' id='par_1_1' title="bbox 745 360 753 381">
     <span class='ocr_line' id='line_1_1' title="bbox 745 360 753 381; baseline 0 0"><span class='ocrx_word' id='word_1_1' title='bbox 745 360 753 381; x_wconf 69' lang='grc' dir='ltr'><strong>θ</strong></span> 
     </span>
    </p>
   </div>
   <div class='ocr_carea' id='block_1_2' title="bbox 344 605 1018 711">
    <p class='ocr_par' dir='ltr' id='par_1_2' title="bbox 344 605 1018 711">
     <span class='ocr_line' id='line_1_2' title="bbox 344 605 1018 711; baseline 0.004 -32"><span class='ocrx_word' id='word_1_2' title='bbox 344 605 571 680; x_wconf 76' lang='lat' dir='ltr'>truta</span> <span class='ocrx_word' id='word_1_3' title='bbox 621 608 706 682; x_wconf 88' lang='grc' dir='ltr'>ιιι.</span> <span class='ocrx_word' id='word_1_4' title='bbox 953 628 1018 711; x_wconf 75' lang='lat'>¹45</span> 
     </span>
    </p>
   </div>
   <div class='ocr_carea' id='block_1_3' title="bbox 39 765 1166 4071">
    <p class='ocr_par' dir='ltr' id='par_1_3' title="bbox 39 765 1166 3291">
     <span class='ocr_line' id='line_1_3' title="bbox 39 765 1166 879; baseline 0.008 -41"><span class='ocrx_word' id='word_1_5' title='bbox 39 780 156 853; x_wconf 78' lang='lat' dir='ltr'>naras,</span> <span class='ocrx_word' id='word_1_6' title='bbox 172 765 392 847; x_wconf 71' lang='lat' dir='ltr'>venditiones</span> <span class='ocrx_word' id='word_1_7' title='bbox 409 765 655 842; x_wconf 72' lang='lat' dir='ltr'>fraudulentas?</span> <span class='ocrx_word' id='word_1_8' title='bbox 677 772 771 842; x_wconf 79' lang='lat' dir='ltr'>liceo</span> <span class='ocrx_word' id='word_1_9' title='bbox 786 768 849 879; x_wconf 86' lang='lat' dir='ltr'>tibi</span> <span class='ocrx_word' id='word_1_10' title='bbox 857 770 939 870; x_wconf 90' lang='lat' dir='ltr'>,qui</span> <span class='ocrx_word' id='word_1_11' title='bbox 957 798 1021 846; x_wconf 84' lang='lat' dir='ltr'>rex</span> <span class='ocrx_word' id='word_1_12' title='bbox 1163 814 1166 819; x_wconf 59' lang='lat'><em>&gt;</em></span> 
     </span>
     <span class='ocr_line' id='line_1_4' title="bbox 43 864 1076 995; baseline 0.006 -46"><span class='ocrx_word' id='word_1_13' title='bbox 43 876 164 995; x_wconf 83' lang='lat' dir='ltr'>populi</span> <span class='ocrx_word' id='word_1_14' title='bbox 182 877 333 951; x_wconf 86' lang='lat' dir='ltr'>Romani</span> <span class='ocrx_word' id='word_1_15' title='bbox 362 864 584 977; x_wconf 81' lang='lat' dir='ltr'>dominusque</span> <span class='ocrx_word' id='word_1_16' title='bbox 603 877 754 950; x_wconf 88' lang='lat' dir='ltr'>omnium</span> <span class='ocrx_word' id='word_1_17' title='bbox 778 880 927 976; x_wconf 83' lang='lat' dir='ltr'>gentium</span> <span class='ocrx_word' id='word_1_18' title='bbox 954 874 1023 955; x_wconf 80' lang='lat' dir='ltr'>elle</span> <span class='ocrx_word' id='word_1_19' title='bbox 1074 972 1076 979; x_wconf 25' lang='grc' dir='ltr'>Ι</span> 
     </span>
     <span class='ocr_line' id='line_1_5' title="bbox 46 986 1022 1088; baseline 0.005 -26"><span class='ocrx_word' id='word_1_20' title='bbox 46 986 287 1086; x_wconf 61' lang='lat' dir='ltr'>concupierit,</span> <span class='ocrx_word' id='word_1_21' title='bbox 307 988 409 1087; x_wconf 91' lang='lat' dir='ltr'>idque</span> <span class='ocrx_word' id='word_1_22' title='bbox 427 988 614 1088; x_wconf 82' lang='lat' dir='ltr'>perfecerit.</span> <span class='ocrx_word' id='word_1_23' title='bbox 652 989 748 1061; x_wconf 86' lang='lat' dir='ltr'>Hanc</span> <span class='ocrx_word' id='word_1_24' title='bbox 766 991 1022 1087; x_wconf 76' lang='lat' dir='ltr'>cupiditatemfi</span> 
     </span>
     <span class='ocr_line' id='line_1_6' title="bbox 47 1097 1025 1200; baseline 0.001 -27"><span class='ocrx_word' id='word_1_25' title='bbox 47 1097 223 1173; x_wconf 80' lang='lat' dir='ltr'>honestam</span> <span class='ocrx_word' id='word_1_26' title='bbox 246 1100 322 1200; x_wconf 84' lang='lat' dir='ltr'>quis</span> <span class='ocrx_word' id='word_1_27' title='bbox 338 1101 402 1175; x_wconf 81' lang='lat' dir='ltr'>elle</span> <span class='ocrx_word' id='word_1_28' title='bbox 422 1101 522 1188; x_wconf 85' lang='lat' dir='ltr'>dicit,</span> <span class='ocrx_word' id='word_1_29' title='bbox 537 1098 718 1174; x_wconf 72' lang='lat' dir='ltr'>amenl&#39;est.</span> <span class='ocrx_word' id='word_1_30' title='bbox 732 1099 854 1197; x_wconf 82' lang='lat' dir='ltr'>probat</span> <span class='ocrx_word' id='word_1_31' title='bbox 873 1101 962 1173; x_wconf 87' lang='lat' dir='ltr'>enim</span> <span class='ocrx_word' id='word_1_32' title='bbox 976 1102 1025 1175; x_wconf 91' lang='lat' dir='ltr'>le·</span> 
     </span>
     <span class='ocr_line' id='line_1_7' title="bbox 51 1198 1025 1325; baseline -0.002 -42"><span class='ocrx_word' id='word_1_33' title='bbox 51 1232 133 1307; x_wconf 77' lang='lat' dir='ltr'>gum</span> <span class='ocrx_word' id='word_1_34' title='bbox 157 1227 195 1282; x_wconf 91' lang='lat' dir='ltr'>et</span> <span class='ocrx_word' id='word_1_35' title='bbox 219 1198 418 1283; x_wconf 83' lang='lat' dir='ltr'>libertatis</span> <span class='ocrx_word' id='word_1_36' title='bbox 409 1210 596 1298; x_wconf 87' lang='lat' dir='ltr'>tntetitum,</span> <span class='ocrx_word' id='word_1_37' title='bbox 621 1231 807 1325; x_wconf 81' lang='lat' dir='ltr'>earumque</span> <span class='ocrx_word' id='word_1_38' title='bbox 837 1208 1025 1305; x_wconf 83' lang='lat' dir='ltr'>oppressio·</span> 
     </span>
     <span class='ocr_line' id='line_1_8' title="bbox 53 1310 1025 1417; baseline -0.001 -24"><span class='ocrx_word' id='word_1_39' title='bbox 53 1343 133 1393; x_wconf 84' lang='lat' dir='ltr'>nem</span> <span class='ocrx_word' id='word_1_40' title='bbox 146 1338 292 1395; x_wconf 82' lang='lat' dir='ltr'>taetram</span> <span class='ocrx_word' id='word_1_41' title='bbox 314 1338 348 1394; x_wconf 93' lang='lat' dir='ltr'>et</span> <span class='ocrx_word' id='word_1_42' title='bbox 367 1319 589 1394; x_wconf 79' lang='lat' dir='ltr'>detestabilem</span> <span class='ocrx_word' id='word_1_43' title='bbox 601 1310 807 1417; x_wconf 84' lang='lat' dir='ltr'>,gloriolam</span> <span class='ocrx_word' id='word_1_44' title='bbox 828 1336 932 1416; x_wconf 88' lang='lat' dir='ltr'>putat.</span> <span class='ocrx_word' id='word_1_45' title='bbox 953 1317 1025 1414; x_wconf 86' lang='lat' dir='ltr'>Qui</span> 
     </span>
     <span class='ocr_line' id='line_1_9' title="bbox 53 1426 1060 1526; baseline 0.003 -26"><span class='ocrx_word' id='word_1_46' title='bbox 53 1451 166 1501; x_wconf 77' lang='lat' dir='ltr'>mrtem</span> <span class='ocrx_word' id='word_1_47' title='bbox 193 1427 336 1520; x_wconf 70' lang='lat' dir='ltr'>fatena,</span> <span class='ocrx_word' id='word_1_48' title='bbox 356 1430 536 1504; x_wconf 78' lang='lat' dir='ltr'>honestum</span> <span class='ocrx_word' id='word_1_49' title='bbox 561 1455 633 1501; x_wconf 92' lang='lat' dir='ltr'>non</span> <span class='ocrx_word' id='word_1_50' title='bbox 658 1426 757 1502; x_wconf 88' lang='lat' dir='ltr'>elle</span> <span class='ocrx_word' id='word_1_51' title='bbox 744 1454 784 1526; x_wconf 82' lang='grc' dir='ltr'>ιιι</span> <span class='ocrx_word' id='word_1_52' title='bbox 807 1453 846 1501; x_wconf 86' lang='lat' dir='ltr'>ea</span> <span class='ocrx_word' id='word_1_53' title='bbox 868 1429 1028 1524; x_wconf 79' lang='lat' dir='ltr'>civitate,</span> <span class='ocrx_word' id='word_1_54' title='bbox 1056 1474 1060 1483; x_wconf 89' lang='lat'><em>·</em></span> 
     </span>
     <span class='ocr_line' id='line_1_10' title="bbox 53 1532 1027 1637; baseline 0.006 -28"><span class='ocrx_word' id='word_1_55' title='bbox 53 1535 263 1634; x_wconf 87' lang='lat' dir='ltr'>quaelibeta</span> <span class='ocrx_word' id='word_1_56' title='bbox 281 1535 346 1610; x_wconf 84' lang='lat' dir='ltr'>suit</span> <span class='ocrx_word' id='word_1_57' title='bbox 357 1591 368 1628; x_wconf 91' lang='lat'>,</span> <span class='ocrx_word' id='word_1_58' title='bbox 381 1562 532 1637; x_wconf 89' lang='lat' dir='ltr'>quaeque</span> <span class='ocrx_word' id='word_1_59' title='bbox 552 1536 618 1610; x_wconf 89' lang='lat' dir='ltr'>elle</span> <span class='ocrx_word' id='word_1_60' title='bbox 638 1536 757 1610; x_wconf 91' lang='lat' dir='ltr'>debeat</span> <span class='ocrx_word' id='word_1_61' title='bbox 765 1532 789 1628; x_wconf 61' lang='grc' dir='ltr'>,ἱ</span> <span class='ocrx_word' id='word_1_62' title='bbox 796 1562 955 1635; x_wconf 80' lang='lat' dir='ltr'>regnare,</span> <span class='ocrx_word' id='word_1_63' title='bbox 970 1538 1027 1616; x_wconf 87' lang='lat' dir='ltr'>sed</span> 
     </span>
     <span class='ocr_line' id='line_1_11' title="bbox 53 1639 1027 1745; baseline 0.005 -28"><span class='ocrx_word' id='word_1_64' title='bbox 53 1645 108 1735; x_wconf 84' lang='lat' dir='ltr'>ei,</span> <span class='ocrx_word' id='word_1_65' title='bbox 120 1645 184 1743; x_wconf 91' lang='lat' dir='ltr'>qui</span> <span class='ocrx_word' id='word_1_66' title='bbox 200 1645 238 1718; x_wconf 84' lang='lat' dir='ltr'>id</span> <span class='ocrx_word' id='word_1_67' title='bbox 255 1643 363 1721; x_wconf 85' lang='lat' dir='ltr'>facere</span> <span class='ocrx_word' id='word_1_68' title='bbox 386 1645 506 1743; x_wconf 85' lang='lat' dir='ltr'>poffit,</span> <span class='ocrx_word' id='word_1_69' title='bbox 519 1643 583 1736; x_wconf 86' lang='lat' dir='ltr'>elle</span> <span class='ocrx_word' id='word_1_70' title='bbox 605 1644 704 1731; x_wconf 81' lang='lat' dir='ltr'>utile3</span> <span class='ocrx_word' id='word_1_71' title='bbox 719 1670 784 1745; x_wconf 87' lang='lat' dir='ltr'>qua</span> <span class='ocrx_word' id='word_1_72' title='bbox 807 1639 896 1720; x_wconf 88' lang='lat' dir='ltr'>hunc</span> <span class='ocrx_word' id='word_1_73' title='bbox 911 1647 1027 1721; x_wconf 85' lang='lat' dir='ltr'>obiur-</span> 
     </span>
     <span class='ocr_line' id='line_1_12' title="bbox 55 1745 1163 1856; baseline 0.005 -26"><span class='ocrx_word' id='word_1_74' title='bbox 55 1756 215 1855; x_wconf 76' lang='lat' dir='ltr'>gatione,</span> <span class='ocrx_word' id='word_1_75' title='bbox 231 1774 288 1829; x_wconf 89' lang='lat' dir='ltr'>aut</span> <span class='ocrx_word' id='word_1_76' title='bbox 300 1780 372 1856; x_wconf 85' lang='lat' dir='ltr'>quo</span> <span class='ocrx_word' id='word_1_77' title='bbox 390 1756 503 1854; x_wconf 84' lang='lat' dir='ltr'>potius</span> <span class='ocrx_word' id='word_1_78' title='bbox 522 1745 682 1830; x_wconf 84' lang='lat' dir='ltr'>convicio</span> <span class='ocrx_word' id='word_1_79' title='bbox 696 1780 715 1827; x_wconf 91' lang='lat' dir='ltr'>a</span> <span class='ocrx_word' id='word_1_80' title='bbox 728 1773 823 1830; x_wconf 88' lang='lat' dir='ltr'>tanto</span> <span class='ocrx_word' id='word_1_81' title='bbox 836 1782 952 1832; x_wconf 88' lang='lat' dir='ltr'>enore</span> <span class='ocrx_word' id='word_1_82' title='bbox 963 1783 1026 1835; x_wconf 90' lang='lat' dir='ltr'>co-</span> <span class='ocrx_word' id='word_1_83' title='bbox 1157 1759 1163 1796; x_wconf 81' lang='lat'><strong>¹</strong></span> 
     </span>
     <span class='ocr_line' id='line_1_13' title="bbox 56 1864 1027 1968; baseline 0.002 -27"><span class='ocrx_word' id='word_1_84' title='bbox 56 1867 296 1943; x_wconf 75' lang='lat' dir='ltr'>neravellerel</span> <span class='ocrx_word' id='word_1_85' title='bbox 319 1866 431 1943; x_wconf 78' lang='lat' dir='ltr'>Potest</span> <span class='ocrx_word' id='word_1_86' title='bbox 443 1867 550 1957; x_wconf 88' lang='lat' dir='ltr'>enim,</span> <span class='ocrx_word' id='word_1_87' title='bbox 565 1867 612 1939; x_wconf 90' lang='lat' dir='ltr'>dii</span> <span class='ocrx_word' id='word_1_88' title='bbox 625 1866 832 1940; x_wconf 82' lang='lat' dir='ltr'>immortales</span> <span class='ocrx_word' id='word_1_89' title='bbox 845 1864 854 1938; x_wconf 86' lang='lat' dir='ltr'>l</span> <span class='ocrx_word' id='word_1_90' title='bbox 869 1868 1027 1968; x_wconf 86' lang='lat' dir='ltr'>cuiquam</span> 
     </span>
     <span class='ocr_line' id='line_1_14' title="bbox 54 1976 1138 2079; baseline -0.005 -22"><span class='ocrx_word' id='word_1_91' title='bbox 54 1977 123 2057; x_wconf 68' lang='lat' dir='ltr'>effe</span> <span class='ocrx_word' id='word_1_92' title='bbox 131 1976 216 2051; x_wconf 93' lang='lat' dir='ltr'>utile</span> <span class='ocrx_word' id='word_1_93' title='bbox 227 1977 452 2052; x_wconf 85' lang='lat' dir='ltr'>foediffitnum</span> <span class='ocrx_word' id='word_1_94' title='bbox 464 1977 734 2051; x_wconf 85' lang='lat' dir='ltr'>etraetertimum</span> <span class='ocrx_word' id='word_1_95' title='bbox 748 1977 962 2073; x_wconf 87' lang='lat' dir='ltr'>parricidium</span> <span class='ocrx_word' id='word_1_96' title='bbox 973 2006 1027 2079; x_wconf 85' lang='lat' dir='ltr'>pa·</span> <span class='ocrx_word' id='word_1_97' title='bbox 1135 2070 1138 2079; x_wconf 88' lang='lat'><em>.</em></span> 
     </span>
     <span class='ocr_line' id='line_1_15' title="bbox 55 2087 1026 2190; baseline 0.004 -27"><span class='ocrx_word' id='word_1_98' title='bbox 55 2089 159 2175; x_wconf 76' lang='lat' dir='ltr'>uiae3</span> <span class='ocrx_word' id='word_1_99' title='bbox 174 2093 327 2187; x_wconf 84' lang='lat' dir='ltr'>quamvis</span> <span class='ocrx_word' id='word_1_100' title='bbox 347 2090 375 2164; x_wconf 90' lang='lat' dir='ltr'>is</span> <span class='ocrx_word' id='word_1_101' title='bbox 388 2144 399 2178; x_wconf 91' lang='lat'>,</span> <span class='ocrx_word' id='word_1_102' title='bbox 411 2091 468 2189; x_wconf 90' lang='lat' dir='ltr'>qui</span> <span class='ocrx_word' id='word_1_103' title='bbox 484 2089 516 2164; x_wconf 88' lang='lat' dir='ltr'>le</span> <span class='ocrx_word' id='word_1_104' title='bbox 533 2114 578 2164; x_wconf 90' lang='lat' dir='ltr'>eo</span> <span class='ocrx_word' id='word_1_105' title='bbox 592 2087 820 2180; x_wconf 86' lang='lat' dir='ltr'>obstrinxerit,</span> <span class='ocrx_word' id='word_1_106' title='bbox 832 2093 875 2163; x_wconf 89' lang='lat' dir='ltr'>ab</span> <span class='ocrx_word' id='word_1_107' title='bbox 886 2093 1026 2190; x_wconf 89' lang='lat' dir='ltr'>oppres·</span> 
     </span>
     <span class='ocr_line' id='line_1_16' title="bbox 49 2197 1028 2297; baseline 0.002 -24"><span class='ocrx_word' id='word_1_108' title='bbox 49 2199 96 2273; x_wconf 72' lang='lat' dir='ltr'>bs</span> <span class='ocrx_word' id='word_1_109' title='bbox 116 2199 250 2272; x_wconf 86' lang='lat' dir='ltr'>civibus</span> <span class='ocrx_word' id='word_1_110' title='bbox 271 2201 390 2272; x_wconf 87' lang='lat' dir='ltr'>Parens</span> <span class='ocrx_word' id='word_1_111' title='bbox 411 2197 624 2272; x_wconf 76' lang='lat' dir='ltr'>nominetur?</span> <span class='ocrx_word' id='word_1_112' title='bbox 640 2197 819 2271; x_wconf 85' lang='lat' dir='ltr'>Honestate</span> <span class='ocrx_word' id='word_1_113' title='bbox 833 2199 934 2297; x_wconf 84' lang='lat' dir='ltr'>igitur</span> <span class='ocrx_word' id='word_1_114' title='bbox 946 2201 1028 2275; x_wconf 90' lang='lat' dir='ltr'>diri·</span> 
     </span>
     <span class='ocr_line' id='line_1_17' title="bbox 57 2307 1028 2408; baseline 0.001 -24"><span class='ocrx_word' id='word_1_115' title='bbox 57 2311 166 2408; x_wconf 80' lang='lat' dir='ltr'>genda</span> <span class='ocrx_word' id='word_1_116' title='bbox 187 2310 310 2383; x_wconf 84' lang='lat' dir='ltr'>utilitas</span> <span class='ocrx_word' id='word_1_117' title='bbox 329 2308 396 2398; x_wconf 84' lang='lat' dir='ltr'>ell,</span> <span class='ocrx_word' id='word_1_118' title='bbox 409 2329 443 2382; x_wconf 92' lang='lat' dir='ltr'>et</span> <span class='ocrx_word' id='word_1_119' title='bbox 457 2309 594 2407; x_wconf 84' lang='lat' dir='ltr'>quidem</span> <span class='ocrx_word' id='word_1_120' title='bbox 612 2307 655 2380; x_wconf 88' lang='lat' dir='ltr'>stc</span> <span class='ocrx_word' id='word_1_121' title='bbox 670 2329 732 2396; x_wconf 89' lang='lat' dir='ltr'>‚ut</span> <span class='ocrx_word' id='word_1_122' title='bbox 745 2311 826 2382; x_wconf 91' lang='lat' dir='ltr'>haec</span> <span class='ocrx_word' id='word_1_123' title='bbox 842 2312 933 2397; x_wconf 92' lang='lat' dir='ltr'>duo,</span> <span class='ocrx_word' id='word_1_124' title='bbox 946 2338 1028 2388; x_wconf 87' lang='lat' dir='ltr'>ver·</span> 
     </span>
     <span class='ocr_line' id='line_1_18' title="bbox 58 2416 1056 2514; baseline 0.002 -23"><span class='ocrx_word' id='word_1_125' title='bbox 58 2419 105 2491; x_wconf 91' lang='lat' dir='ltr'>bo</span> <span class='ocrx_word' id='word_1_126' title='bbox 124 2420 212 2491; x_wconf 90' lang='lat' dir='ltr'>inter</span> <span class='ocrx_word' id='word_1_127' title='bbox 233 2418 266 2491; x_wconf 86' lang='lat' dir='ltr'>se</span> <span class='ocrx_word' id='word_1_128' title='bbox 284 2416 493 2514; x_wconf 35' lang='lat' dir='ltr'>discrepat&amp;</span> <span class='ocrx_word' id='word_1_129' title='bbox 509 2443 545 2488; x_wconf 91' lang='lat' dir='ltr'>te</span> <span class='ocrx_word' id='word_1_130' title='bbox 569 2436 680 2488; x_wconf 89' lang='lat' dir='ltr'>tamen</span> <span class='ocrx_word' id='word_1_131' title='bbox 703 2443 811 2489; x_wconf 87' lang='lat' dir='ltr'>unum</span> <span class='ocrx_word' id='word_1_132' title='bbox 833 2417 949 2493; x_wconf 88' lang='lat' dir='ltr'>sonare</span> <span class='ocrx_word' id='word_1_133' title='bbox 974 2421 1029 2497; x_wconf 88' lang='lat' dir='ltr'>vi·</span> <span class='ocrx_word' id='word_1_134' title='bbox 1053 2438 1056 2444; x_wconf 89' lang='lat'>&#39;</span> 
     </span>
     <span class='ocr_line' id='line_1_19' title="bbox 57 2526 1082 2626; baseline -0.004 -23"><span class='ocrx_word' id='word_1_135' title='bbox 57 2532 207 2605; x_wconf 83' lang='lat' dir='ltr'>(leantur.</span> <span class='ocrx_word' id='word_1_136' title='bbox 227 2531 309 2602; x_wconf 90' lang='lat' dir='ltr'>Non</span> <span class='ocrx_word' id='word_1_137' title='bbox 321 2530 451 2617; x_wconf 88' lang='lat' dir='ltr'>habeo,</span> <span class='ocrx_word' id='word_1_138' title='bbox 465 2529 507 2600; x_wconf 88' lang='lat' dir='ltr'>ad</span> <span class='ocrx_word' id='word_1_139' title='bbox 524 2528 616 2626; x_wconf 85' lang='lat' dir='ltr'>vulgi</span> <span class='ocrx_word' id='word_1_140' title='bbox 628 2526 848 2623; x_wconf 85' lang='lat' dir='ltr'>opinionem,</span> <span class='ocrx_word' id='word_1_141' title='bbox 863 2555 947 2626; x_wconf 84' lang='lat' dir='ltr'>qnae</span> <span class='ocrx_word' id='word_1_142' title='bbox 963 2557 1029 2603; x_wconf 85' lang='lat' dir='ltr'>ma·</span> <span class='ocrx_word' id='word_1_143' title='bbox 1047 2549 1082 2616; x_wconf 71' lang='lat' dir='ltr'>r4</span> 
     </span>
     <span class='ocr_line' id='line_1_20' title="bbox 59 2635 1032 2738; baseline 0.003 -25"><span class='ocrx_word' id='word_1_144' title='bbox 59 2641 113 2713; x_wconf 89' lang='lat' dir='ltr'>ior</span> <span class='ocrx_word' id='word_1_145' title='bbox 128 2640 271 2727; x_wconf 88' lang='lat' dir='ltr'>utilitas,</span> <span class='ocrx_word' id='word_1_146' title='bbox 284 2664 383 2736; x_wconf 89' lang='lat' dir='ltr'>quam</span> <span class='ocrx_word' id='word_1_147' title='bbox 402 2639 585 2738; x_wconf 86' lang='lat' dir='ltr'>regnandi,</span> <span class='ocrx_word' id='word_1_148' title='bbox 598 2637 662 2711; x_wconf 83' lang='lat' dir='ltr'>effe</span> <span class='ocrx_word' id='word_1_149' title='bbox 676 2635 775 2734; x_wconf 87' lang='lat' dir='ltr'>poffit</span> <span class='ocrx_word' id='word_1_150' title='bbox 789 2662 801 2724; x_wconf 90' lang='lat'>;</span> <span class='ocrx_word' id='word_1_151' title='bbox 816 2638 900 2712; x_wconf 87' lang='lat' dir='ltr'>nihil</span> <span class='ocrx_word' id='word_1_152' title='bbox 913 2662 1032 2716; x_wconf 89' lang='lat' dir='ltr'>contra</span> 
     </span>
     <span class='ocr_line' id='line_1_21' title="bbox 60 2747 1031 2848; baseline 0.002 -24"><span class='ocrx_word' id='word_1_153' title='bbox 60 2750 211 2824; x_wconf 83' lang='lat' dir='ltr'>inutilius</span> <span class='ocrx_word' id='word_1_154' title='bbox 227 2749 279 2840; x_wconf 89' lang='lat' dir='ltr'>ei,</span> <span class='ocrx_word' id='word_1_155' title='bbox 296 2750 356 2848; x_wconf 89' lang='lat' dir='ltr'>qui</span> <span class='ocrx_word' id='word_1_156' title='bbox 381 2749 416 2821; x_wconf 89' lang='lat' dir='ltr'>id</span> <span class='ocrx_word' id='word_1_157' title='bbox 439 2749 556 2823; x_wconf 85' lang='lat' dir='ltr'>iniuste</span> <span class='ocrx_word' id='word_1_158' title='bbox 575 2747 772 2824; x_wconf 85' lang='lat' dir='ltr'>consecutus</span> <span class='ocrx_word' id='word_1_159' title='bbox 789 2750 846 2840; x_wconf 89' lang='lat' dir='ltr'>fit,</span> <span class='ocrx_word' id='word_1_160' title='bbox 867 2750 1031 2844; x_wconf 85' lang='lat' dir='ltr'>invenio,</span> 
     </span>
     <span class='ocr_line' id='line_1_22' title="bbox 60 2859 1034 2959; baseline 0.004 -25"><span class='ocrx_word' id='word_1_161' title='bbox 60 2887 140 2935; x_wconf 88' lang='lat' dir='ltr'>cum</span> <span class='ocrx_word' id='word_1_162' title='bbox 152 2861 196 2932; x_wconf 89' lang='lat' dir='ltr'>ad</span> <span class='ocrx_word' id='word_1_163' title='bbox 207 2862 382 2933; x_wconf 88' lang='lat' dir='ltr'>veritatem</span> <span class='ocrx_word' id='word_1_164' title='bbox 402 2861 500 2956; x_wconf 91' lang='lat' dir='ltr'>coepi</span> <span class='ocrx_word' id='word_1_165' title='bbox 517 2883 681 2934; x_wconf 89' lang='lat' dir='ltr'>revocare</span> <span class='ocrx_word' id='word_1_166' title='bbox 695 2859 858 2933; x_wconf 87' lang='lat' dir='ltr'>rationem</span> <span class='ocrx_word' id='word_1_167' title='bbox 876 2863 1034 2959; x_wconf 81' lang='lat' dir='ltr'>tpoffunt</span> 
     </span>
     <span class='ocr_line' id='line_1_23' title="bbox 61 2969 1034 3069; baseline 0.001 -22"><span class='ocrx_word' id='word_1_168' title='bbox 61 2974 153 3047; x_wconf 81' lang='lat' dir='ltr'>eninr</span> <span class='ocrx_word' id='word_1_169' title='bbox 184 2972 341 3069; x_wconf 89' lang='lat' dir='ltr'>cuiquam</span> <span class='ocrx_word' id='word_1_170' title='bbox 367 2969 434 3042; x_wconf 83' lang='lat' dir='ltr'>elle</span> <span class='ocrx_word' id='word_1_171' title='bbox 456 2972 572 3060; x_wconf 86' lang='lat' dir='ltr'>utiles,</span> <span class='ocrx_word' id='word_1_172' title='bbox 594 2993 756 3068; x_wconf 81' lang='lat' dir='ltr'>angores,</span> <span class='ocrx_word' id='word_1_173' title='bbox 779 2972 1034 3063; x_wconf 84' lang='lat' dir='ltr'>sollicintdines,</span> 
     </span>
     <span class='ocr_line' id='line_1_24' title="bbox 62 3079 1037 3182; baseline 0.002 -25"><span class='ocrx_word' id='word_1_174' title='bbox 62 3083 175 3157; x_wconf 85' lang='lat' dir='ltr'>diurni</span> <span class='ocrx_word' id='word_1_175' title='bbox 193 3100 227 3156; x_wconf 88' lang='lat' dir='ltr'>et</span> <span class='ocrx_word' id='word_1_176' title='bbox 249 3079 403 3156; x_wconf 75' lang='lat' dir='ltr'>nollurni</span> <span class='ocrx_word' id='word_1_177' title='bbox 425 3106 548 3175; x_wconf 87' lang='lat' dir='ltr'>metus,</span> <span class='ocrx_word' id='word_1_178' title='bbox 563 3084 634 3158; x_wconf 84' lang='lat' dir='ltr'>vita</span> <span class='ocrx_word' id='word_1_179' title='bbox 654 3082 844 3158; x_wconf 86' lang='lat' dir='ltr'>inlidiarum</span> <span class='ocrx_word' id='word_1_180' title='bbox 865 3088 1037 3182; x_wconf 87' lang='lat' dir='ltr'>periculo-</span> 
     </span>
     <span class='ocr_line' id='line_1_25' title="bbox 62 3189 430 3291; baseline -0.014 -24"><span class='ocrx_word' id='word_1_181' title='bbox 62 3219 207 3291; x_wconf 86' lang='lat' dir='ltr'>rumque</span> <span class='ocrx_word' id='word_1_182' title='bbox 223 3189 430 3290; x_wconf 74' lang='lat' dir='ltr'>pleniffima?</span> 
     </span>
    </p>

    <p class='ocr_par' dir='ltr' id='par_1_4' title="bbox 64 3305 1089 4071">
     <span class='ocr_line' id='line_1_26' title="bbox 113 3305 1038 3402; baseline -0.004 -23"><span class='ocrx_word' id='word_1_183' title='bbox 113 3308 218 3379; x_wconf 74' lang='lat' dir='ltr'>Mum·</span> <span class='ocrx_word' id='word_1_184' title='bbox 231 3310 333 3401; x_wconf 83' lang='lat' dir='ltr'>iniqui</span> <span class='ocrx_word' id='word_1_185' title='bbox 346 3329 436 3399; x_wconf 82' lang='lat' dir='ltr'>atquc</span> <span class='ocrx_word' id='word_1_186' title='bbox 455 3309 593 3399; x_wconf 76' lang='lat' dir='ltr'>infidcles</span> <span class='ocrx_word' id='word_1_187' title='bbox 614 3334 730 3402; x_wconf 76' lang='lat' dir='ltr'>regno,</span> <span class='ocrx_word' id='word_1_188' title='bbox 741 3308 838 3400; x_wconf 81' lang='lat' dir='ltr'>pauci</span> <span class='ocrx_word' id='word_1_189' title='bbox 846 3305 930 3397; x_wconf 79' lang='lat' dir='ltr'>fitnt</span> <span class='ocrx_word' id='word_1_190' title='bbox 941 3309 1038 3397; x_wconf 81' lang='lat' dir='ltr'>boni,</span> 
     </span>
     <span class='ocr_line' id='line_1_27' title="bbox 64 3415 1039 3513; baseline 0.001 -25"><span class='ocrx_word' id='word_1_191' title='bbox 64 3415 177 3513; x_wconf 89' lang='lat' dir='ltr'>inquit</span> <span class='ocrx_word' id='word_1_192' title='bbox 195 3417 334 3488; x_wconf 81' lang='lat' dir='ltr'>Accius.</span> <span class='ocrx_word' id='word_1_193' title='bbox 351 3420 400 3487; x_wconf 78' lang='lat' dir='ltr'>At</span> <span class='ocrx_word' id='word_1_194' title='bbox 411 3416 467 3488; x_wconf 90' lang='lat' dir='ltr'>cui</span> <span class='ocrx_word' id='word_1_195' title='bbox 482 3417 617 3513; x_wconf 76' lang='lat' dir='ltr'>regno?</span> <span class='ocrx_word' id='word_1_196' title='bbox 636 3416 731 3513; x_wconf 93' lang='lat' dir='ltr'>quod</span> <span class='ocrx_word' id='word_1_197' title='bbox 745 3415 917 3486; x_wconf 78' lang='lat' dir='ltr'>a‘l&#39;antalo</span> <span class='ocrx_word' id='word_1_198' title='bbox 931 3439 965 3488; x_wconf 91' lang='lat' dir='ltr'>et</span> <span class='ocrx_word' id='word_1_199' title='bbox 979 3418 1039 3489; x_wconf 89' lang='lat' dir='ltr'>Pe·</span> 
     </span>
     <span class='ocr_line' id='line_1_28' title="bbox 64 3525 1040 3651; baseline 0.004 -53"><span class='ocrx_word' id='word_1_200' title='bbox 64 3525 146 3651; x_wconf 82' lang='lat' dir='ltr'>lope</span> <span class='ocrx_word' id='word_1_201' title='bbox 164 3526 337 3623; x_wconf 88' lang='lat' dir='ltr'>proditum</span> <span class='ocrx_word' id='word_1_202' title='bbox 351 3527 422 3598; x_wconf 87' lang='lat' dir='ltr'>iure</span> <span class='ocrx_word' id='word_1_203' title='bbox 435 3526 659 3600; x_wconf 87' lang='lat' dir='ltr'>obtinebatur.</span> <span class='ocrx_word' id='word_1_204' title='bbox 684 3527 770 3597; x_wconf 88' lang='lat' dir='ltr'>Nam</span> <span class='ocrx_word' id='word_1_205' title='bbox 790 3532 915 3624; x_wconf 88' lang='lat' dir='ltr'>quanto</span> <span class='ocrx_word' id='word_1_206' title='bbox 929 3526 1040 3624; x_wconf 84' lang='lat' dir='ltr'>plures</span> 
     </span>
     <span class='ocr_line' id='line_1_29' title="bbox 67 3637 1042 3738; baseline 0.008 -30"><span class='ocrx_word' id='word_1_207' title='bbox 67 3637 99 3708; x_wconf 86' lang='lat' dir='ltr'>ei</span> <span class='ocrx_word' id='word_1_208' title='bbox 119 3638 190 3735; x_wconf 85' lang='lat' dir='ltr'>regi</span> <span class='ocrx_word' id='word_1_209' title='bbox 204 3655 320 3733; x_wconf 86' lang='lat' dir='ltr'>putas,</span> <span class='ocrx_word' id='word_1_210' title='bbox 334 3637 392 3736; x_wconf 88' lang='lat' dir='ltr'>qui</span> <span class='ocrx_word' id='word_1_211' title='bbox 410 3639 559 3712; x_wconf 87' lang='lat' dir='ltr'>exercitu</span> <span class='ocrx_word' id='word_1_212' title='bbox 581 3638 700 3737; x_wconf 88' lang='lat' dir='ltr'>populi</span> <span class='ocrx_word' id='word_1_213' title='bbox 715 3639 858 3712; x_wconf 90' lang='lat' dir='ltr'>Romani</span> <span class='ocrx_word' id='word_1_214' title='bbox 875 3642 1042 3738; x_wconf 91' lang='lat' dir='ltr'>populum</span> 
     </span>
     <span class='ocr_line' id='line_1_30' title="bbox 66 3747 1043 3878; baseline 0.003 -58"><span class='ocrx_word' id='word_1_215' title='bbox 66 3747 176 3846; x_wconf 89' lang='lat' dir='ltr'>ipsum</span> <span class='ocrx_word' id='word_1_216' title='bbox 211 3752 403 3821; x_wconf 88' lang='lat' dir='ltr'>Romanum</span> <span class='ocrx_word' id='word_1_217' title='bbox 440 3747 671 3878; x_wconf 85' lang='lat' dir='ltr'>oppreffiffet‚</span> <span class='ocrx_word' id='word_1_218' title='bbox 700 3749 937 3848; x_wconf 78' lang='lat' dir='ltr'>civitatemque</span> <span class='ocrx_word' id='word_1_219' title='bbox 970 3775 1043 3824; x_wconf 91' lang='lat' dir='ltr'>non</span> 
     </span>
     <span class='ocr_line' id='line_1_31' title="bbox 69 3851 1042 3959; baseline 0.002 -27"><span class='ocrx_word' id='word_1_220' title='bbox 69 3861 180 3934; x_wconf 88' lang='lat' dir='ltr'>modo</span> <span class='ocrx_word' id='word_1_221' title='bbox 194 3856 353 3947; x_wconf 85' lang='lat' dir='ltr'>liberam,</span> <span class='ocrx_word' id='word_1_222' title='bbox 369 3860 536 3935; x_wconf 78' lang='lat' dir='ltr'>sedetiam</span> <span class='ocrx_word' id='word_1_223' title='bbox 552 3861 728 3959; x_wconf 86' lang='lat' dir='ltr'>gentibus</span> <span class='ocrx_word' id='word_1_224' title='bbox 719 3883 958 3959; x_wconf 82' lang='lat' dir='ltr'>imperantem,</span> <span class='ocrx_word' id='word_1_225' title='bbox 973 3851 1042 3935; x_wconf 88' lang='lat' dir='ltr'>ser·</span> 
     </span>
     <span class='ocr_line' id='line_1_32' title="bbox 68 3969 1089 4071; baseline 0.005 -27"><span class='ocrx_word' id='word_1_226' title='bbox 68 3971 145 4044; x_wconf 75' lang='lat' dir='ltr'>vire</span> <span class='ocrx_word' id='word_1_227' title='bbox 159 3972 220 4045; x_wconf 87' lang='lat' dir='ltr'>fibi</span> <span class='ocrx_word' id='word_1_228' title='bbox 238 3971 424 4071; x_wconf 77' lang='lat' dir='ltr'>coegillet?</span> <span class='ocrx_word' id='word_1_229' title='bbox 454 3974 554 4043; x_wconf 87' lang='lat' dir='ltr'>Hunc</span> <span class='ocrx_word' id='word_1_230' title='bbox 568 3991 604 4044; x_wconf 91' lang='lat' dir='ltr'>tu</span> <span class='ocrx_word' id='word_1_231' title='bbox 619 3997 701 4069; x_wconf 83' lang='lat' dir='ltr'>quas</span> <span class='ocrx_word' id='word_1_232' title='bbox 713 3969 936 4046; x_wconf 89' lang='lat' dir='ltr'>conscientiae</span> <span class='ocrx_word' id='word_1_233' title='bbox 954 3971 1044 4042; x_wconf 79' lang='lat' dir='ltr'>labes</span> <span class='ocrx_word' id='word_1_234' title='bbox 1061 3983 1089 4048; x_wconf 74' lang='lat' dir='ltr'>tt</span> 
     </span>
    </p>
   </div>
   <div class='ocr_carea' id='block_1_4' title="bbox 67 4075 1044 4274">
    <p class='ocr_par' dir='ltr' id='par_1_5' title="bbox 67 4075 1044 4274">
     <span class='ocr_line' id='line_1_33' title="bbox 67 4075 1044 4180; baseline -0.005 -25"><span class='ocrx_word' id='word_1_235' title='bbox 67 4075 103 4155; x_wconf 83' lang='lat' dir='ltr'>in</span> <span class='ocrx_word' id='word_1_236' title='bbox 124 4083 241 4155; x_wconf 87' lang='lat' dir='ltr'>animo</span> <span class='ocrx_word' id='word_1_237' title='bbox 261 4081 374 4154; x_wconf 82' lang='lat' dir='ltr'>censes</span> <span class='ocrx_word' id='word_1_238' title='bbox 395 4080 566 4155; x_wconf 71' lang='lat' dir='ltr'>habuisse?</span> <span class='ocrx_word' id='word_1_239' title='bbox 582 4105 669 4180; x_wconf 86' lang='lat' dir='ltr'>quae</span> <span class='ocrx_word' id='word_1_240' title='bbox 684 4078 846 4155; x_wconf 83' lang='lat' dir='ltr'>vulnera?</span> <span class='ocrx_word' id='word_1_241' title='bbox 862 4077 965 4151; x_wconf 87' lang='lat' dir='ltr'>Cuius</span> <span class='ocrx_word' id='word_1_242' title='bbox 982 4100 1044 4150; x_wconf 86' lang='lat' dir='ltr'>au·-</span> 
     </span>
     <span class='ocr_line' id='line_1_34' title="bbox 119 4176 853 4274; baseline -0.003 -24"><span class='ocrx_word' id='word_1_243' title='bbox 119 4183 211 4253; x_wconf 78' lang='lat' dir='ltr'>Crccr.</span> <span class='ocrx_word' id='word_1_244' title='bbox 241 4184 336 4274; x_wconf 81' lang='lat' dir='ltr'>Oper.</span> <span class='ocrx_word' id='word_1_245' title='bbox 357 4187 427 4253; x_wconf 83' lang='lat' dir='ltr'>Vol.</span> <span class='ocrx_word' id='word_1_246' title='bbox 453 4181 543 4252; x_wconf 82' lang='lat' dir='ltr'><em>XII.</em></span> <span class='ocrx_word' id='word_1_247' title='bbox 817 4176 853 4248; x_wconf 84' lang='lat' dir='ltr'>K</span> 
     </span>
    </p>
   </div>
   <div class='ocr_carea' id='block_1_5' title="bbox 0 0 1198 4628">
    <p class='ocr_par' dir='ltr' id='par_1_6' title="bbox 0 0 1198 4628">
     <span class='ocr_line' id='line_1_35' title="bbox 0 0 1198 4628; baseline 0 0"><span class='ocrx_word' id='word_1_248' title='bbox 0 0 1198 4628; x_wconf 95' lang='lat' dir='ltr'> </span> 
     </span>
    </p>
   </div>
  </div>
 </body>
</html>
