2340 4628
179 673 228 772 ,a
428 658 913 745 Dsso'Fftcuts

178 833 331 907 multoet
349 830 456 905 maior
469 831 621 922 videtur,
635 830 814 906 etcertior.
836 832 978 923 Quanto
1001 829 1135 905 trito-¹

174 948 255 1020 teles
282 946 414 1071 gravius
440 963 475 1017 et
502 943 613 1019 verius
639 963 700 1015 nos
728 941 963 1040 reprehendit,
990 944 1052 1042 qui
1076 944 1134 1018 bas

35 1060 40 1071 '
173 1057 385 1152 pecuniarum
405 1051 580 1127 effusiones
601 1076 670 1124 non
687 1051 889 1123 admiremur
900 1077 1020 1150 ,quae
1041 1048 1132 1126 liunt

172 1165 215 1235 ad
235 1164 476 1237 multitudinem
498 1161 737 1234 deleniendam.
767 1178 800 1233 at
824 1159 870 1248 ii,
893 1160 955 1284 qui
977 1160 1022 1233 ab
1036 1158 1131 1233 holle

35 1342 39 1349 ,
170 1272 382 1363 obfidenmr,
401 1273 556 1345 fremere
575 1294 679 1367 aquae
698 1261 871 1341 sextarium
896 1269 987 1341 mina
1008 1286 1130 1367 cogan-

170 1398 239 1471 tur,
259 1385 325 1458 hoc
342 1385 453 1481 primo
471 1381 662 1455 incredibile
681 1379 777 1451 nobis
797 1376 907 1451 videri
919 1401 1130 1476 ,omnesque

169 1494 306 1578 mirari,
334 1494 404 1579 led,
434 1516 511 1564 cum
539 1490 756 1578 attenderint,
784 1489 915 1562 veniam
948 1486 1128 1565 nereditati

168 1604 269 1676 dare·
293 1605 326 1673 in
349 1601 398 1672 lris
419 1597 617 1672 immanibus
638 1598 770 1673 iauuris
780 1597 1019 1699 ,infinitisque
1038 1600 1127 1675 sum·

167 1711 273 1797 tibus,
284 1709 366 1781 nihil
389 1730 451 1781 nos
471 1730 673 1805 magnopere
694 1705 824 1792 mirari3
838 1730 916 1782 cum
936 1707 1125 1805 praesertim

165 1842 228 1891 nec
248 1817 423 1891 necellitati
442 1816 674 1905 subveniatur,
694 1841 756 1889 nec
777 1816 919 1914 dignitas
942 1836 1125 1915 sugestum

164 1925 299 2024 ipsaque
317 1926 370 1999 illa
383 1926 555 2000 deledatio
574 1923 793 1998 multitudinis
811 1923 850 1996 sit
871 1924 916 1998 ad
932 1926 1038 2003 breve
1053 1924 1124 2000 exi·

163 2061 332 2135 guumque
343 2056 493 2135 tempus
507 2060 640 2135 eaquea
659 2034 822 2110 levissimo
834 2060 994 2134 quoque
1006 2037 1124 2137 inquo

163 2166 273 2219 tamen
288 2146 361 2244 ipso
375 2174 439 2220 ιιιιι
453 2173 530 2220 cum
545 2148 705 2236 satietate,
723 2148 885 2221 memoria
898 2172 1037 2247 quoque
1049 2172 1125 2220 mo·

114 2279 143 2329 ιι
162 2254 265 2327 riatur
282 2256 470 2353 voluptatis.
494 2258 582 2330 Bene
603 2259 702 2331 etiam
723 2256 870 2354 colligit,
891 2258 973 2330 haec
993 2258 1123 2354 pueris,

162 2381 196 2436 et
215 2363 435 2453 mulierculis,
448 2384 481 2439 et
497 2364 620 2454 servis,
633 2384 665 2438 et
688 2366 860 2438 servorum
884 2365 1058 2440 fimillimis
1079 2368 1122 2439 li·

160 2475 267 2558 beris,
287 2475 358 2549 esse¹
373 2499 487 2573 grata;
511 2476 606 2574 gravi
632 2500 717 2550 vero
740 2473 890 2566 homini,
911 2494 946 2548 et
962 2500 1019 2568 ea,
1037 2500 1120 2575 quae

159 2584 263 2675 liant,
278 2586 404 2659 iudicio
424 2604 517 2659 certo
533 2585 745 2682 ponderanti,
764 2584 900 2682 probari
915 2585 1009 2683 polle
1026 2589 1119 2661 nullo

24 2692 28 2703 ⁸
159 2696 276 2766 modo.
300 2719 500 2791 quamquam
528 2693 695 2790 intelligo,
717 2694 752 2766 in
774 2692 886 2765 nollra
907 2695 1045 2770 civitate
1065 2697 1117 2770 iu·

158 2800 318 2874 veteralle
332 2803 397 2871 iam
410 2826 429 2870 a
443 2800 540 2872 bonis
557 2803 783 2898 temporibus,
796 2822 835 2874 ut
851 2801 1007 2898 splendor
1023 2806 1116 2877 aedi·

158 2911 286 2985 litatum
298 2910 338 2983 ab
350 2911 486 3006 optimis
497 2911 578 2982 viris
592 2911 813 3008 postuletur.
805 2931 915 3010 rtaque
927 2932 962 2987 et
976 2915 1011 2986 P
1019 2914 1117 2988 Cras·

159 3019 211 3094 sus
229 3044 304 3092 cum
322 3017 524 3142 cognomine
542 3019 661 3108 dives,
679 3040 752 3093 tum
773 3019 898 3116 copiis,
917 3021 1048 3095 fundus
1069 3021 1115 3094 est
1144 3096 1160 3111 ,-

159 3106 304 3204 aedilitio
318 3126 466 3202 maximo
480 3152 638 3200 munere.
658 3147 692 3202 et
710 3130 811 3226 paulo
828 3128 903 3226 poll
925 3131 962 3203 L.
982 3130 1115 3204 Crassus

157 3264 234 3312 cum
255 3238 406 3312 omnium
426 3238 599 3310 hominum
619 3237 876 3312 moderatillimo
886 3241 953 3332 ,.Q
976 3239 1114 3329 Mucio,

155 3344 470 3448 ma'gnilicentilfima
492 3349 652 3421 aedilitate
672 3347 804 3421 fundus
825 3348 900 3423 eu:
927 3349 1048 3423 deinde
1071 3351 1114 3427 C.

96 3552 105 3563 ·
156 3458 331 3545 Claudius,
352 3458 449 3556 Appii
474 3457 582 3545 filius;
608 3458 702 3532 multi
720 3459 818 3557 poll,
839 3459 991 3549 Luculli,
1020 3460 1113 3533 Hot-

154 3565 295 3649 tensius,
310 3567 444 3641 Silanus.
467 3593 584 3641 omnes
596 3588 704 3643 autem
720 3573 753 3642 P.
768 3571 943 3658 Lentulus,
958 3594 1014 3642 me
1025 3592 1112 3642 con·

156 3671 248 3759 sule,
272 3675 353 3746 vicit
376 3676 566 3772 superiores
599 3678 687 3753 hunc
716 3679 763 3752 esl
791 3681 933 3753 Scaurus
957 3678 1113 3753 imitatu

156 3779 473 3879 Magnificentillrma
493 3810 577 3859 vero
602 3787 702 3861 nollri
728 3788 879 3886 Pompeii
902 3812 1044 3861 munera
1063 3786 1113 3859 se·

155 3891 268 3964 tundo
279 3889 500 3974 consulatu
460 3919 525 3967 ·1n
547 3894 666 3992 quibus
680 3897 836 3970 omnibus
848 3896 932 3994 quid
945 3896 1029 3970 mibi
1042 3893 1112 4019 pla·

93 4030 134 4100 17
155 4022 245 4083 cem,
266 3998 370 4071 vides.
398 4001 556 4076 Vitanda·
568 4024 679 4078 tamen
703 4005 750 4079 est
774 4006 914 4102 suspicio
940 4006 1112 4080 avaritiae.

106 4137 135 4204 ,ι
155 4110 241 4184 Nam
268 4113 464 4202 Mamerco,
483 4114 611 4189 homini
632 4115 846 4212 dividffimo,
870 4116 1112 4218 praetermitlio
