<?xml version="1.0" encoding="UTF-8"?>
<!DOCTYPE html PUBLIC "-//W3C//DTD XHTML 1.0 Transitional//EN"
    "http://www.w3.org/TR/xhtml1/DTD/xhtml1-transitional.dtd">
<html xmlns="http://www.w3.org/1999/xhtml" xml:lang="en" lang="en">
 <head>
  <title>
</title>
<meta http-equiv="Content-Type" content="text/html;charset=utf-8" />
  <meta name='ocr-system' content='tesseract 3.04.00' />
  <meta name='ocr-capabilities' content='ocr_page ocr_carea ocr_par ocr_line ocrx_word'/>
</head>
<body>
  <div class='ocr_page' id='page_1' title='image "./mtulliiciceroni01plutgoog_0201.png"; bbox 0 0 2340 4628; ppageno 0'>
   <div class='ocr_carea' id='block_1_1' title="bbox 174 656 919 773">
    <p class='ocr_par' dir='ltr' id='par_1_1' title="bbox 174 656 919 773">
     <span class='ocr_line' id='line_1_1' title="bbox 174 656 919 773; baseline -0.009 -21"><span class='ocrx_word' id='word_1_1' title='bbox 174 700 242 773; x_wconf 79' lang='lat'><strong>190</strong></span> <span class='ocrx_word' id='word_1_2' title='bbox 411 666 615 749; x_wconf 80' lang='lat' dir='ltr'><strong>CATO</strong></span> <span class='ocrx_word' id='word_1_3' title='bbox 663 656 919 747; x_wconf 63' lang='lat' dir='ltr'><strong>Meton</strong></span> 
     </span>
    </p>
   </div>
   <div class='ocr_carea' id='block_1_2' title="bbox 168 822 1127 935">
    <p class='ocr_par' dir='ltr' id='par_1_2' title="bbox 168 822 1127 935">
     <span class='ocr_line' id='line_1_2' title="bbox 168 822 1127 935; baseline -0.004 -23"><span class='ocrx_word' id='word_1_4' title='bbox 168 835 331 935; x_wconf 73' lang='lat' dir='ltr'><strong>Quindio</strong></span> <span class='ocrx_word' id='word_1_5' title='bbox 347 835 547 912; x_wconf 83' lang='lat' dir='ltr'><strong>Cincinnato</strong></span> <span class='ocrx_word' id='word_1_6' title='bbox 565 822 750 910; x_wconf 77' lang='lat' dir='ltr'><strong>nuntiatum</strong></span> <span class='ocrx_word' id='word_1_7' title='bbox 762 834 832 923; x_wconf 82' lang='lat' dir='ltr'><strong>est,</strong></span> <span class='ocrx_word' id='word_1_8' title='bbox 844 858 923 908; x_wconf 88' lang='lat' dir='ltr'><strong>eum</strong></span> <span class='ocrx_word' id='word_1_9' title='bbox 937 830 1127 909; x_wconf 73' lang='lat' dir='ltr'><strong>dictatorem</strong></span> 
     </span>
    </p>
   </div>
   <div class='ocr_carea' id='block_1_3' title="bbox 164 943 1162 2146">
    <p class='ocr_par' dir='ltr' id='par_1_3' title="bbox 165 943 1162 1706">
     <span class='ocr_line' id='line_1_3' title="bbox 168 943 1125 1045; baseline -0.01 -18"><span class='ocrx_word' id='word_1_10' title='bbox 168 954 235 1027; x_wconf 85' lang='lat' dir='ltr'><strong>effe</strong></span> <span class='ocrx_word' id='word_1_11' title='bbox 254 950 399 1038; x_wconf 64' lang='lat' dir='ltr'><strong>factum</strong></span> <span class='ocrx_word' id='word_1_12' title='bbox 415 950 508 1023; x_wconf 82' lang='lat' dir='ltr'><strong>cuius</strong></span> <span class='ocrx_word' id='word_1_13' title='bbox 528 947 693 1023; x_wconf 72' lang='lat' dir='ltr'><strong>didatoris</strong></span> <span class='ocrx_word' id='word_1_14' title='bbox 712 947 797 1021; x_wconf 86' lang='lat' dir='ltr'><strong>iussu</strong></span> <span class='ocrx_word' id='word_1_15' title='bbox 816 888 1125 1045; x_wconf 79' lang='lat' dir='ltr'><strong>inagisterequitun</strong></span> 
     </span>
     <span class='ocr_line' id='line_1_4' title="bbox 166 1056 1126 1156; baseline -0.008 -22"><span class='ocrx_word' id='word_1_16' title='bbox 166 1062 210 1134; x_wconf 90' lang='lat' dir='ltr'>C</span> <span class='ocrx_word' id='word_1_17' title='bbox 227 1061 383 1136; x_wconf 85' lang='lat' dir='ltr'><strong>Servilius</strong></span> <span class='ocrx_word' id='word_1_18' title='bbox 403 1060 503 1132; x_wconf 81' lang='lat' dir='ltr'><strong>Ahala</strong></span> <span class='ocrx_word' id='word_1_19' title='bbox 526 1064 581 1156; x_wconf 89' lang='lat' dir='ltr'><strong>Sp.</strong></span> <span class='ocrx_word' id='word_1_20' title='bbox 608 1056 789 1146; x_wconf 88' lang='lat' dir='ltr'><strong>Maelium,</strong></span> <span class='ocrx_word' id='word_1_21' title='bbox 811 1078 953 1153; x_wconf 84' lang='lat' dir='ltr'><strong>regnum</strong></span> <span class='ocrx_word' id='word_1_22' title='bbox 974 1074 1126 1153; x_wconf 84' lang='lat' dir='ltr'><strong>appeten·</strong></span> 
     </span>
     <span class='ocr_line' id='line_1_5' title="bbox 166 1154 1162 1319; baseline -0.002 -76"><span class='ocrx_word' id='word_1_23' title='bbox 166 1189 236 1244; x_wconf 87' lang='lat' dir='ltr'><strong>tem</strong></span> <span class='ocrx_word' id='word_1_24' title='bbox 246 1192 470 1267; x_wconf 89' lang='lat' dir='ltr'><strong>‚occupatum</strong></span> <span class='ocrx_word' id='word_1_25' title='bbox 485 1165 662 1243; x_wconf 83' lang='lat' dir='ltr'><strong>interemit.</strong></span> <span class='ocrx_word' id='word_1_26' title='bbox 681 1154 826 1239; x_wconf 85' lang='lat' dir='ltr'><strong>avissa</strong></span> <span class='ocrx_word' id='word_1_27' title='bbox 814 1192 850 1237; x_wconf 91' lang='lat' dir='ltr'><strong>rn</strong></span> <span class='ocrx_word' id='word_1_28' title='bbox 866 1164 1017 1240; x_wconf 88' lang='lat' dir='ltr'><strong>senatum</strong></span> <span class='ocrx_word' id='word_1_29' title='bbox 1032 1162 1162 1241; x_wconf 79' lang='lat' dir='ltr'><strong>arces·</strong></span> <span class='ocrx_word' id='word_1_30' title='bbox 1159 1218 1162 1319; x_wconf 63' lang='lat' dir='ltr'>i</span> 
     </span>
     <span class='ocr_line' id='line_1_6' title="bbox 165 1274 1162 1401; baseline -0.006 -48"><span class='ocrx_word' id='word_1_31' title='bbox 165 1280 320 1354; x_wconf 88' lang='lat' dir='ltr'><strong>sebantur</strong></span> <span class='ocrx_word' id='word_1_32' title='bbox 337 1300 370 1353; x_wconf 91' lang='lat' dir='ltr'><strong>et</strong></span> <span class='ocrx_word' id='word_1_33' title='bbox 383 1280 525 1367; x_wconf 81' lang='lat' dir='ltr'><strong>Curius,</strong></span> <span class='ocrx_word' id='word_1_34' title='bbox 542 1298 575 1353; x_wconf 88' lang='lat' dir='ltr'><strong>et</strong></span> <span class='ocrx_word' id='word_1_35' title='bbox 591 1295 692 1352; x_wconf 77' lang='lat' dir='ltr'><strong>ceteri</strong></span> <span class='ocrx_word' id='word_1_36' title='bbox 682 1276 822 1361; x_wconf 84' lang='lat' dir='ltr'><strong>&#39;;·senes</strong></span> <span class='ocrx_word' id='word_1_37' title='bbox 838 1300 880 1347; x_wconf 86' lang='lat' dir='ltr'><strong>ex</strong></span> <span class='ocrx_word' id='word_1_38' title='bbox 898 1300 990 1375; x_wconf 87' lang='lat' dir='ltr'><strong>quo,</strong></span> <span class='ocrx_word' id='word_1_39' title='bbox 1003 1274 1162 1373; x_wconf 77' lang='lat' dir='ltr'><strong>quiens</strong></span> <span class='ocrx_word' id='word_1_40' title='bbox 1159 1328 1162 1401; x_wconf 72' lang='lat' dir='ltr'><strong>t</strong></span> 
     </span>
     <span class='ocr_line' id='line_1_7' title="bbox 166 1386 1162 1489; baseline -0.006 -23"><span class='ocrx_word' id='word_1_41' title='bbox 166 1391 390 1481; x_wconf 80' lang='lat' dir='ltr'><strong>arcessebant,</strong></span> <span class='ocrx_word' id='word_1_42' title='bbox 411 1395 547 1463; x_wconf 80' lang='lat' dir='ltr'><strong>viatores</strong></span> <span class='ocrx_word' id='word_1_43' title='bbox 568 1386 730 1462; x_wconf 88' lang='lat' dir='ltr'><strong>nominati</strong></span> <span class='ocrx_word' id='word_1_44' title='bbox 750 1388 834 1462; x_wconf 89' lang='lat' dir='ltr'><strong>sunt.</strong></span> <span class='ocrx_word' id='word_1_45' title='bbox 863 1412 944 1461; x_wconf 86' lang='lat' dir='ltr'><strong>num</strong></span> <span class='ocrx_word' id='word_1_46' title='bbox 960 1388 1162 1487; x_wconf 83' lang='lat' dir='ltr'><strong>i·gituteo·</strong></span> <span class='ocrx_word' id='word_1_47' title='bbox 1160 1466 1162 1489; x_wconf 28' lang='grc' dir='ltr'><strong><em>ε</em></strong></span> 
     </span>
     <span class='ocr_line' id='line_1_8' title="bbox 167 1492 1162 1595; baseline -0.007 -21"><span class='ocrx_word' id='word_1_48' title='bbox 167 1522 244 1574; x_wconf 85' lang='lat' dir='ltr'><strong>tum</strong></span> <span class='ocrx_word' id='word_1_49' title='bbox 265 1502 408 1576; x_wconf 79' lang='lat' dir='ltr'><strong>senesius</strong></span> <span class='ocrx_word' id='word_1_50' title='bbox 433 1499 626 1572; x_wconf 82' lang='lat' dir='ltr'><strong>miserabilis</strong></span> <span class='ocrx_word' id='word_1_51' title='bbox 647 1496 729 1583; x_wconf 84' lang='lat' dir='ltr'><strong>fuit,</strong></span> <span class='ocrx_word' id='word_1_52' title='bbox 753 1496 811 1595; x_wconf 91' lang='lat' dir='ltr'><strong>qui</strong></span> <span class='ocrx_word' id='word_1_53' title='bbox 835 1496 868 1572; x_wconf 88' lang='lat' dir='ltr'><strong>se</strong></span> <span class='ocrx_word' id='word_1_54' title='bbox 892 1520 963 1593; x_wconf 82' lang='lat' dir='ltr'><strong>agm</strong></span> <span class='ocrx_word' id='word_1_55' title='bbox 952 1492 1123 1569; x_wconf 84' lang='lat' dir='ltr'><strong>crdtiont</strong></span> <span class='ocrx_word' id='word_1_56' title='bbox 1160 1524 1162 1543; x_wconf 74' lang='lat'><strong>¹</strong></span> 
     </span>
     <span class='ocr_line' id='line_1_9' title="bbox 166 1603 1121 1715; baseline -0.007 -31"><span class='ocrx_word' id='word_1_57' title='bbox 166 1609 401 1684; x_wconf 73' lang='lat' dir='ltr'><strong>oblectabant?</strong></span> <span class='ocrx_word' id='word_1_58' title='bbox 426 1634 500 1681; x_wconf 89' lang='lat' dir='ltr'><strong>mea</strong></span> <span class='ocrx_word' id='word_1_59' title='bbox 527 1608 661 1706; x_wconf 87' lang='lat' dir='ltr'><strong>quidem</strong></span> <span class='ocrx_word' id='word_1_60' title='bbox 685 1603 840 1681; x_wconf 89' lang='lat' dir='ltr'><strong>sententia</strong></span> <span class='ocrx_word' id='word_1_61' title='bbox 863 1606 952 1680; x_wconf 90' lang='lat' dir='ltr'><strong>haud</strong></span> <span class='ocrx_word' id='word_1_62' title='bbox 974 1604 1121 1715; x_wconf 80' lang='lat' dir='ltr'><strong>scio,an</strong></span> 
     </span>
    </p>

    <p class='ocr_par' dir='ltr' id='par_1_4' title="bbox 164 1702 1125 2146">
     <span class='ocr_line' id='line_1_10' title="bbox 166 1702 1122 1818; baseline -0.006 -24"><span class='ocrx_word' id='word_1_63' title='bbox 166 1722 232 1794; x_wconf 84' lang='lat' dir='ltr'><strong>ulla</strong></span> <span class='ocrx_word' id='word_1_64' title='bbox 258 1720 386 1792; x_wconf 89' lang='lat' dir='ltr'><strong>beatior</strong></span> <span class='ocrx_word' id='word_1_65' title='bbox 402 1718 467 1793; x_wconf 83' lang='lat' dir='ltr'><strong>esse</strong></span> <span class='ocrx_word' id='word_1_66' title='bbox 489 1717 603 1818; x_wconf 68' lang='lat' dir='ltr'><strong>posim</strong></span> <span class='ocrx_word' id='word_1_67' title='bbox 628 1744 737 1818; x_wconf 83' lang='lat' dir='ltr'><strong>neque</strong></span> <span class='ocrx_word' id='word_1_68' title='bbox 753 1718 861 1791; x_wconf 86' lang='lat' dir='ltr'><strong>solum</strong></span> <span class='ocrx_word' id='word_1_69' title='bbox 880 1715 999 1791; x_wconf 87' lang='lat' dir='ltr'><strong>officio</strong></span> <span class='ocrx_word' id='word_1_70' title='bbox 1007 1702 1122 1814; x_wconf 74' lang='lat' dir='ltr'><strong>,ipuod</strong></span> 
     </span>
     <span class='ocr_line' id='line_1_11' title="bbox 166 1826 1121 1925; baseline 0 -25"><span class='ocrx_word' id='word_1_71' title='bbox 166 1828 341 1901; x_wconf 78' lang='lat' dir='ltr'><strong>bominum</strong></span> <span class='ocrx_word' id='word_1_72' title='bbox 358 1852 469 1924; x_wconf 85' lang='lat' dir='ltr'><strong>genem</strong></span> <span class='ocrx_word' id='word_1_73' title='bbox 457 1826 645 1903; x_wconf 85' lang='lat' dir='ltr'><strong>universo</strong></span> <span class='ocrx_word' id='word_1_74' title='bbox 668 1828 793 1903; x_wconf 77' lang='lat' dir='ltr'><strong>cultura</strong></span> <span class='ocrx_word' id='word_1_75' title='bbox 815 1851 973 1925; x_wconf 86' lang='lat' dir='ltr'><strong>agrorum</strong></span> <span class='ocrx_word' id='word_1_76' title='bbox 984 1826 1032 1901; x_wconf 84' lang='lat' dir='ltr'><strong>est</strong></span> <span class='ocrx_word' id='word_1_77' title='bbox 1044 1826 1121 1901; x_wconf 88' lang='lat' dir='ltr'><strong>salu·</strong></span> 
     </span>
     <span class='ocr_line' id='line_1_12' title="bbox 165 1937 1120 2037; baseline -0.002 -24"><span class='ocrx_word' id='word_1_78' title='bbox 165 1939 265 2028; x_wconf 83' lang='lat' dir='ltr'><strong>tatis,</strong></span> <span class='ocrx_word' id='word_1_79' title='bbox 286 1937 341 2010; x_wconf 86' lang='lat' dir='ltr'><strong>sed</strong></span> <span class='ocrx_word' id='word_1_80' title='bbox 362 1952 396 2009; x_wconf 88' lang='lat' dir='ltr'><strong>et</strong></span> <span class='ocrx_word' id='word_1_81' title='bbox 414 1937 646 2030; x_wconf 75' lang='lat' dir='ltr'><strong>deieiiatione‚</strong></span> <span class='ocrx_word' id='word_1_82' title='bbox 670 1962 770 2037; x_wconf 90' lang='lat' dir='ltr'><strong>quam</strong></span> <span class='ocrx_word' id='word_1_83' title='bbox 795 1939 885 2027; x_wconf 84' lang='lat' dir='ltr'><strong>dixi,</strong></span> <span class='ocrx_word' id='word_1_84' title='bbox 907 1954 942 2011; x_wconf 90' lang='lat' dir='ltr'><strong>et</strong></span> <span class='ocrx_word' id='word_1_85' title='bbox 961 1938 1120 2012; x_wconf 80' lang='lat' dir='ltr'><strong>saturitate</strong></span> 
     </span>
     <span class='ocr_line' id='line_1_13' title="bbox 164 2044 1125 2146; baseline 0 -26"><span class='ocrx_word' id='word_1_86' title='bbox 164 2048 331 2146; x_wconf 86' lang='lat' dir='ltr'><strong>copiaque</strong></span> <span class='ocrx_word' id='word_1_87' title='bbox 348 2044 499 2119; x_wconf 90' lang='lat' dir='ltr'><strong>omnium</strong></span> <span class='ocrx_word' id='word_1_88' title='bbox 512 2072 637 2137; x_wconf 89' lang='lat' dir='ltr'><strong>terum,</strong></span> <span class='ocrx_word' id='word_1_89' title='bbox 648 2072 731 2146; x_wconf 85' lang='lat' dir='ltr'><strong>quae</strong></span> <span class='ocrx_word' id='word_1_90' title='bbox 746 2049 787 2120; x_wconf 93' lang='lat' dir='ltr'><strong>ad</strong></span> <span class='ocrx_word' id='word_1_91' title='bbox 800 2048 926 2121; x_wconf 72' lang='lat' dir='ltr'><strong>vicium</strong></span> <span class='ocrx_word' id='word_1_92' title='bbox 938 2046 1125 2135; x_wconf 73' lang='lat' dir='ltr'><strong>homimum·</strong></span> 
     </span>
    </p>
   </div>
   <div class='ocr_carea' id='block_1_4' title="bbox 164 2158 1120 2363">
    <p class='ocr_par' dir='ltr' id='par_1_5' title="bbox 164 2158 1120 2363">
     <span class='ocr_line' id='line_1_14' title="bbox 164 2158 1120 2257; baseline -0.005 -22"><span class='ocrx_word' id='word_1_93' title='bbox 164 2161 207 2236; x_wconf 88' lang='lat' dir='ltr'><strong>ad</strong></span> <span class='ocrx_word' id='word_1_94' title='bbox 230 2160 354 2232; x_wconf 88' lang='lat' dir='ltr'><strong>cultum</strong></span> <span class='ocrx_word' id='word_1_95' title='bbox 378 2158 477 2231; x_wconf 87' lang='lat' dir='ltr'><strong>etiam</strong></span> <span class='ocrx_word' id='word_1_96' title='bbox 503 2160 643 2231; x_wconf 88' lang='lat' dir='ltr'><strong>deorum</strong></span> <span class='ocrx_word' id='word_1_97' title='bbox 672 2160 860 2254; x_wconf 82' lang='lat' dir='ltr'><strong>pettinent3</strong></span> <span class='ocrx_word' id='word_1_98' title='bbox 881 2177 941 2249; x_wconf 90' lang='lat' dir='ltr'><strong>ut,</strong></span> <span class='ocrx_word' id='word_1_99' title='bbox 965 2158 1120 2257; x_wconf 83' lang='lat' dir='ltr'><strong>quoniam</strong></span> 
     </span>
     <span class='ocr_line' id='line_1_15' title="bbox 164 2261 1119 2363; baseline -0.004 -26"><span class='ocrx_word' id='word_1_100' title='bbox 164 2264 245 2353; x_wconf 75' lang='lat' dir='ltr'><strong>haec</strong></span> <span class='ocrx_word' id='word_1_101' title='bbox 259 2263 392 2360; x_wconf 90' lang='lat' dir='ltr'><strong>quidam</strong></span> <span class='ocrx_word' id='word_1_102' title='bbox 406 2261 610 2353; x_wconf 83' lang='lat' dir='ltr'><strong>defideranr,</strong></span> <span class='ocrx_word' id='word_1_103' title='bbox 626 2265 660 2336; x_wconf 89' lang='lat' dir='ltr'><strong>in</strong></span> <span class='ocrx_word' id='word_1_104' title='bbox 673 2265 808 2363; x_wconf 84' lang='lat' dir='ltr'><strong>gratiam</strong></span> <span class='ocrx_word' id='word_1_105' title='bbox 823 2266 889 2338; x_wconf 88' lang='lat' dir='ltr'><strong>iant</strong></span> <span class='ocrx_word' id='word_1_106' title='bbox 908 2289 986 2338; x_wconf 88' lang='lat' dir='ltr'><strong>cum</strong></span> <span class='ocrx_word' id='word_1_107' title='bbox 997 2263 1119 2359; x_wconf 84' lang='lat' dir='ltr'><strong>volup·</strong></span> 
     </span>
    </p>
   </div>
   <div class='ocr_carea' id='block_1_5' title="bbox 23 2375 1125 4210">
    <p class='ocr_par' dir='ltr' id='par_1_6' title="bbox 23 2375 1125 4210">
     <span class='ocr_line' id='line_1_16' title="bbox 164 2375 1119 2476; baseline 0.002 -31"><span class='ocrx_word' id='word_1_108' title='bbox 164 2392 231 2447; x_wconf 91' lang='lat' dir='ltr'><strong>tate</strong></span> <span class='ocrx_word' id='word_1_109' title='bbox 248 2375 426 2447; x_wconf 84' lang='lat' dir='ltr'><strong>redeamus.</strong></span> <span class='ocrx_word' id='word_1_110' title='bbox 454 2379 592 2474; x_wconf 84' lang='lat' dir='ltr'>Semper</span> <span class='ocrx_word' id='word_1_111' title='bbox 609 2376 698 2449; x_wconf 88' lang='lat' dir='ltr'><strong>enim</strong></span> <span class='ocrx_word' id='word_1_112' title='bbox 721 2376 803 2448; x_wconf 93' lang='lat' dir='ltr'><strong>boni</strong></span> <span class='ocrx_word' id='word_1_113' title='bbox 815 2375 996 2476; x_wconf 75' lang='lat' dir='ltr'><strong>assiduique</strong></span> <span class='ocrx_word' id='word_1_114' title='bbox 1011 2375 1119 2448; x_wconf 84' lang='lat' dir='ltr'><strong>domi·</strong></span> 
     </span>
     <span class='ocr_line' id='line_1_17' title="bbox 166 2478 1119 2575; baseline -0.002 -22"><span class='ocrx_word' id='word_1_115' title='bbox 166 2484 202 2554; x_wconf 92' lang='lat' dir='ltr'><strong>ni</strong></span> <span class='ocrx_word' id='word_1_116' title='bbox 221 2483 339 2555; x_wconf 87' lang='lat' dir='ltr'><strong>refetta</strong></span> <span class='ocrx_word' id='word_1_117' title='bbox 360 2481 439 2553; x_wconf 86' lang='lat' dir='ltr'><strong>cella</strong></span> <span class='ocrx_word' id='word_1_118' title='bbox 461 2482 607 2569; x_wconf 89' lang='lat' dir='ltr'><strong>vinaria,</strong></span> <span class='ocrx_word' id='word_1_119' title='bbox 622 2482 764 2568; x_wconf 86' lang='lat' dir='ltr'><strong>olearia,</strong></span> <span class='ocrx_word' id='word_1_120' title='bbox 781 2481 881 2552; x_wconf 90' lang='lat' dir='ltr'><strong>etiam</strong></span> <span class='ocrx_word' id='word_1_121' title='bbox 906 2479 1037 2575; x_wconf 86' lang='lat' dir='ltr'><strong>penaria</strong></span> <span class='ocrx_word' id='word_1_122' title='bbox 1054 2478 1119 2570; x_wconf 82' lang='lat' dir='ltr'><strong>esi,</strong></span> 
     </span>
     <span class='ocr_line' id='line_1_18' title="bbox 165 2588 1120 2690; baseline -0.004 -25"><span class='ocrx_word' id='word_1_123' title='bbox 165 2593 312 2690; x_wconf 86' lang='lat' dir='ltr'><strong>villaque</strong></span> <span class='ocrx_word' id='word_1_124' title='bbox 325 2608 395 2663; x_wconf 90' lang='lat' dir='ltr'><strong>tota</strong></span> <span class='ocrx_word' id='word_1_125' title='bbox 409 2591 557 2686; x_wconf 80' lang='lat' dir='ltr'>locuples</span> <span class='ocrx_word' id='word_1_126' title='bbox 576 2588 651 2663; x_wconf 76' lang='lat' dir='ltr'><strong>esta</strong></span> <span class='ocrx_word' id='word_1_127' title='bbox 678 2590 821 2661; x_wconf 81' lang='lat' dir='ltr'><strong>abundat</strong></span> <span class='ocrx_word' id='word_1_128' title='bbox 843 2606 974 2685; x_wconf 88' lang='lat' dir='ltr'><strong>porco,</strong></span> <span class='ocrx_word' id='word_1_129' title='bbox 995 2588 1120 2681; x_wconf 80' lang='lat' dir='ltr'><strong>haedo,</strong></span> 
     </span>
     <span class='ocr_line' id='line_1_19' title="bbox 164 2693 1121 2796; baseline -0.004 -26"><span class='ocrx_word' id='word_1_130' title='bbox 164 2722 272 2796; x_wconf 88' lang='lat' dir='ltr'><strong>agno,</strong></span> <span class='ocrx_word' id='word_1_131' title='bbox 286 2697 425 2795; x_wconf 80' lang='lat' dir='ltr'><strong>gallina,</strong></span> <span class='ocrx_word' id='word_1_132' title='bbox 442 2697 545 2785; x_wconf 71' lang='lat' dir='ltr'><strong>lacte,</strong></span> <span class='ocrx_word' id='word_1_133' title='bbox 561 2697 655 2769; x_wconf 90' lang='lat' dir='ltr'><strong>caseo</strong></span> <span class='ocrx_word' id='word_1_134' title='bbox 668 2749 679 2787; x_wconf 88' lang='lat'><strong>,</strong></span> <span class='ocrx_word' id='word_1_135' title='bbox 694 2695 798 2767; x_wconf 87' lang='lat' dir='ltr'><strong>melle.</strong></span> <span class='ocrx_word' id='word_1_136' title='bbox 822 2698 891 2767; x_wconf 92' lang='lat' dir='ltr'><strong>Iam</strong></span> <span class='ocrx_word' id='word_1_137' title='bbox 908 2696 1046 2769; x_wconf 88' lang='lat' dir='ltr'><strong>hortum</strong></span> <span class='ocrx_word' id='word_1_138' title='bbox 1064 2693 1121 2793; x_wconf 87' lang='lat' dir='ltr'><strong>ipsi</strong></span> 
     </span>
     <span class='ocr_line' id='line_1_20' title="bbox 164 2804 1119 2904; baseline 0 -26"><span class='ocrx_word' id='word_1_139' title='bbox 164 2809 329 2903; x_wconf 81' lang='lat' dir='ltr'><strong>agricolae</strong></span> <span class='ocrx_word' id='word_1_140' title='bbox 354 2806 527 2879; x_wconf 86' lang='lat' dir='ltr'><strong>succidiam</strong></span> <span class='ocrx_word' id='word_1_141' title='bbox 549 2810 682 2879; x_wconf 89' lang='lat' dir='ltr'><strong>alteram</strong></span> <span class='ocrx_word' id='word_1_142' title='bbox 698 2807 887 2904; x_wconf 85' lang='lat' dir='ltr'><strong>appellant:</strong></span> <span class='ocrx_word' id='word_1_143' title='bbox 910 2822 984 2878; x_wconf 87' lang='lat' dir='ltr'><strong>tum</strong></span> <span class='ocrx_word' id='word_1_144' title='bbox 1003 2804 1119 2880; x_wconf 89' lang='lat' dir='ltr'><strong>condi·</strong></span> 
     </span>
     <span class='ocr_line' id='line_1_21' title="bbox 162 2916 1119 3016; baseline 0.005 -27"><span class='ocrx_word' id='word_1_145' title='bbox 162 2918 249 2989; x_wconf 88' lang='lat' dir='ltr'><strong>tiora</strong></span> <span class='ocrx_word' id='word_1_146' title='bbox 277 2916 356 2989; x_wconf 86' lang='lat' dir='ltr'><strong>facit</strong></span> <span class='ocrx_word' id='word_1_147' title='bbox 375 2919 473 3002; x_wconf 86' lang='lat' dir='ltr'><strong>haec,</strong></span> <span class='ocrx_word' id='word_1_148' title='bbox 501 2917 735 3014; x_wconf 85' lang='lat' dir='ltr'><strong>supervacanei</strong></span> <span class='ocrx_word' id='word_1_149' title='bbox 753 2919 853 2991; x_wconf 85' lang='lat' dir='ltr'><strong>etiam</strong></span> <span class='ocrx_word' id='word_1_150' title='bbox 883 2919 997 3016; x_wconf 82' lang='lat' dir='ltr'><strong>operis</strong></span> <span class='ocrx_word' id='word_1_151' title='bbox 1021 2942 1119 2993; x_wconf 81' lang='lat' dir='ltr'><strong>autu·</strong></span> 
     </span>
     <span class='ocr_line' id='line_1_22' title="bbox 23 3025 1121 3127; baseline -0.002 -24"><span class='ocrx_word' id='word_1_152' title='bbox 23 3118 31 3127; x_wconf 29' lang='grc' dir='ltr'>ι</span> <span class='ocrx_word' id='word_1_153' title='bbox 113 3053 143 3104; x_wconf 81' lang='lat'><strong>57</strong></span> <span class='ocrx_word' id='word_1_154' title='bbox 163 3025 254 3124; x_wconf 75' lang='lat' dir='ltr'><strong>piam</strong></span> <span class='ocrx_word' id='word_1_155' title='bbox 278 3044 375 3125; x_wconf 90' lang='lat' dir='ltr'><strong>atque</strong></span> <span class='ocrx_word' id='word_1_156' title='bbox 388 3027 535 3101; x_wconf 89' lang='lat' dir='ltr'><strong>venatio.</strong></span> <span class='ocrx_word' id='word_1_157' title='bbox 559 3027 654 3120; x_wconf 87' lang='lat' dir='ltr'><strong>Quid</strong></span> <span class='ocrx_word' id='word_1_158' title='bbox 672 3029 713 3101; x_wconf 90' lang='lat' dir='ltr'><strong>de</strong></span> <span class='ocrx_word' id='word_1_159' title='bbox 734 3047 908 3125; x_wconf 90' lang='lat' dir='ltr'><strong>pratorum</strong></span> <span class='ocrx_word' id='word_1_160' title='bbox 934 3029 1121 3115; x_wconf 82' lang='lat' dir='ltr'><strong>viriditate,</strong></span> 
     </span>
     <span class='ocr_line' id='line_1_23' title="bbox 161 3138 1117 3241; baseline 0.003 -30"><span class='ocrx_word' id='word_1_161' title='bbox 161 3156 218 3241; x_wconf 88' lang='lat' dir='ltr'><strong>aut</strong></span> <span class='ocrx_word' id='word_1_162' title='bbox 235 3139 390 3213; x_wconf 87' lang='lat' dir='ltr'><strong>arborum</strong></span> <span class='ocrx_word' id='word_1_163' title='bbox 404 3138 597 3230; x_wconf 82' lang='lat' dir='ltr'><strong>ordinibus,</strong></span> <span class='ocrx_word' id='word_1_164' title='bbox 618 3159 673 3213; x_wconf 93' lang='lat' dir='ltr'><strong>aut</strong></span> <span class='ocrx_word' id='word_1_165' title='bbox 695 3142 866 3215; x_wconf 90' lang='lat' dir='ltr'><strong>vinearum</strong></span> <span class='ocrx_word' id='word_1_166' title='bbox 893 3140 1117 3216; x_wconf 87' lang='lat' dir='ltr'><strong>olivetorum·</strong></span> 
     </span>
     <span class='ocr_line' id='line_1_24' title="bbox 160 3247 1117 3350; baseline 0.002 -29"><span class='ocrx_word' id='word_1_167' title='bbox 160 3273 227 3348; x_wconf 88' lang='lat' dir='ltr'><strong>que</strong></span> <span class='ocrx_word' id='word_1_168' title='bbox 236 3247 341 3348; x_wconf 90' lang='lat' dir='ltr'><strong>specie</strong></span> <span class='ocrx_word' id='word_1_169' title='bbox 355 3249 487 3321; x_wconf 80' lang='lat' dir='ltr'><strong>dicam?</strong></span> <span class='ocrx_word' id='word_1_170' title='bbox 502 3249 601 3321; x_wconf 88' lang='lat' dir='ltr'><strong>Brevi</strong></span> <span class='ocrx_word' id='word_1_171' title='bbox 612 3251 809 3343; x_wconf 83' lang='lat' dir='ltr'><strong>praecidam.</strong></span> <span class='ocrx_word' id='word_1_172' title='bbox 825 3255 918 3350; x_wconf 79' lang='lat' dir='ltr'><strong>Agro</strong></span> <span class='ocrx_word' id='word_1_173' title='bbox 926 3250 1014 3327; x_wconf 85' lang='lat' dir='ltr'><strong>bene</strong></span> <span class='ocrx_word' id='word_1_174' title='bbox 1027 3252 1117 3325; x_wconf 73' lang='lat' dir='ltr'><strong>cedro</strong></span> 
     </span>
     <span class='ocr_line' id='line_1_25' title="bbox 160 3360 1117 3462; baseline 0 -28"><span class='ocrx_word' id='word_1_175' title='bbox 160 3362 206 3434; x_wconf 84' lang='lat' dir='ltr'><strong>nil</strong></span> <span class='ocrx_word' id='word_1_176' title='bbox 221 3360 424 3460; x_wconf 83' lang='lat' dir='ltr'><strong>potestesse,</strong></span> <span class='ocrx_word' id='word_1_177' title='bbox 437 3384 498 3433; x_wconf 83' lang='lat' dir='ltr'><strong>nec</strong></span> <span class='ocrx_word' id='word_1_178' title='bbox 516 3361 572 3435; x_wconf 88' lang='lat' dir='ltr'><strong>usu</strong></span> <span class='ocrx_word' id='word_1_179' title='bbox 585 3362 737 3452; x_wconf 84' lang='lat' dir='ltr'><strong>uberius,</strong></span> <span class='ocrx_word' id='word_1_180' title='bbox 752 3386 814 3435; x_wconf 91' lang='lat' dir='ltr'><strong>nec</strong></span> <span class='ocrx_word' id='word_1_181' title='bbox 827 3361 937 3462; x_wconf 86' lang='lat' dir='ltr'><strong>specie</strong></span> <span class='ocrx_word' id='word_1_182' title='bbox 950 3363 1117 3436; x_wconf 80' lang='lat' dir='ltr'><strong>ornatiust</strong></span> 
     </span>
     <span class='ocr_line' id='line_1_26' title="bbox 160 3470 1114 3568; baseline 0.005 -28"><span class='ocrx_word' id='word_1_183' title='bbox 160 3472 202 3541; x_wconf 88' lang='lat' dir='ltr'><strong>ad</strong></span> <span class='ocrx_word' id='word_1_184' title='bbox 217 3494 315 3568; x_wconf 88' lang='lat' dir='ltr'><strong>quem</strong></span> <span class='ocrx_word' id='word_1_185' title='bbox 331 3470 505 3545; x_wconf 76' lang='lat' dir='ltr'><strong>sinendum</strong></span> <span class='ocrx_word' id='word_1_186' title='bbox 528 3494 597 3542; x_wconf 90' lang='lat' dir='ltr'><strong>non</strong></span> <span class='ocrx_word' id='word_1_187' title='bbox 618 3471 724 3545; x_wconf 91' lang='lat' dir='ltr'><strong>modo</strong></span> <span class='ocrx_word' id='word_1_188' title='bbox 737 3496 805 3544; x_wconf 92' lang='lat' dir='ltr'><strong>non</strong></span> <span class='ocrx_word' id='word_1_189' title='bbox 820 3475 988 3562; x_wconf 88' lang='lat' dir='ltr'><strong>retardat,</strong></span> <span class='ocrx_word' id='word_1_190' title='bbox 1001 3492 1114 3548; x_wconf 85' lang='lat' dir='ltr'><strong>verum</strong></span> 
     </span>
     <span class='ocr_line' id='line_1_27' title="bbox 160 3579 1117 3681; baseline 0.007 -31"><span class='ocrx_word' id='word_1_191' title='bbox 160 3579 259 3650; x_wconf 85' lang='lat' dir='ltr'><strong>etiam</strong></span> <span class='ocrx_word' id='word_1_192' title='bbox 274 3581 392 3653; x_wconf 90' lang='lat' dir='ltr'><strong>invitat</strong></span> <span class='ocrx_word' id='word_1_193' title='bbox 406 3600 505 3677; x_wconf 89' lang='lat' dir='ltr'><strong>atque</strong></span> <span class='ocrx_word' id='word_1_194' title='bbox 520 3581 645 3654; x_wconf 74' lang='lat' dir='ltr'><strong>alludat</strong></span> <span class='ocrx_word' id='word_1_195' title='bbox 671 3584 826 3657; x_wconf 75' lang='lat' dir='ltr'><strong>senedius.</strong></span> <span class='ocrx_word' id='word_1_196' title='bbox 855 3586 926 3657; x_wconf 91' lang='lat' dir='ltr'><strong>Ubi</strong></span> <span class='ocrx_word' id='word_1_197' title='bbox 947 3585 1038 3657; x_wconf 86' lang='lat' dir='ltr'><strong>enim</strong></span> <span class='ocrx_word' id='word_1_198' title='bbox 1053 3608 1117 3681; x_wconf 81' lang='lat' dir='ltr'><strong>po-</strong></span> 
     </span>
     <span class='ocr_line' id='line_1_28' title="bbox 160 3687 1125 3820; baseline 0.011 -61"><span class='ocrx_word' id='word_1_199' title='bbox 160 3687 221 3760; x_wconf 85' lang='lat' dir='ltr'><strong>test</strong></span> <span class='ocrx_word' id='word_1_200' title='bbox 241 3688 295 3758; x_wconf 84' lang='lat' dir='ltr'><strong>ilia</strong></span> <span class='ocrx_word' id='word_1_201' title='bbox 310 3707 412 3775; x_wconf 88' lang='lat' dir='ltr'><strong>aetas,</strong></span> <span class='ocrx_word' id='word_1_202' title='bbox 427 3711 483 3763; x_wconf 91' lang='lat' dir='ltr'><strong>aut</strong></span> <span class='ocrx_word' id='word_1_203' title='bbox 500 3692 656 3766; x_wconf 81' lang='lat' dir='ltr'><strong>calescere</strong></span> <span class='ocrx_word' id='word_1_204' title='bbox 675 3695 729 3766; x_wconf 84' lang='lat' dir='ltr'><strong>vel</strong></span> <span class='ocrx_word' id='word_1_205' title='bbox 751 3695 955 3820; x_wconf 86' lang='lat' dir='ltr'><strong>apricatione</strong></span> <span class='ocrx_word' id='word_1_206' title='bbox 978 3696 1125 3783; x_wconf 56' lang='lat' dir='ltr'><strong>melita.</strong></span> 
     </span>
     <span class='ocr_line' id='line_1_29' title="bbox 159 3797 1115 3906; baseline 0.008 -34"><span class='ocrx_word' id='word_1_207' title='bbox 159 3797 242 3872; x_wconf 87' lang='lat' dir='ltr'><strong>vel</strong></span> <span class='ocrx_word' id='word_1_208' title='bbox 233 3799 324 3895; x_wconf 70' lang='lat' dir='ltr'><strong>ignia</strong></span> <span class='ocrx_word' id='word_1_209' title='bbox 347 3820 401 3872; x_wconf 92' lang='lat' dir='ltr'><strong>aut</strong></span> <span class='ocrx_word' id='word_1_210' title='bbox 419 3803 559 3875; x_wconf 86' lang='lat' dir='ltr'><strong>viciffim</strong></span> <span class='ocrx_word' id='word_1_211' title='bbox 577 3805 701 3878; x_wconf 85' lang='lat' dir='ltr'><strong>umbris</strong></span> <span class='ocrx_word' id='word_1_212' title='bbox 717 3805 852 3903; x_wconf 85' lang='lat' dir='ltr'><strong>aquisve</strong></span> <span class='ocrx_word' id='word_1_213' title='bbox 865 3806 1115 3906; x_wconf 79' lang='lat' dir='ltr'><strong>refrigerans</strong></span> 
     </span>
     <span class='ocr_line' id='line_1_30' title="bbox 107 3907 1115 4014; baseline 0.007 -33"><span class='ocrx_word' id='word_1_214' title='bbox 107 3916 141 3981; x_wconf 77' lang='lat'><strong>5⁸</strong></span> <span class='ocrx_word' id='word_1_215' title='bbox 158 3907 311 3979; x_wconf 81' lang='lat' dir='ltr'><strong>lubrius?</strong></span> <span class='ocrx_word' id='word_1_216' title='bbox 333 3909 454 3980; x_wconf 84' lang='lat' dir='ltr'><strong>Stbr</strong></span> <span class='ocrx_word' id='word_1_217' title='bbox 421 3938 432 3980; x_wconf 87' lang='lat'>1</span> <span class='ocrx_word' id='word_1_218' title='bbox 434 3912 520 4007; x_wconf 80' lang='lat' dir='ltr'><strong>gitur</strong></span> <span class='ocrx_word' id='word_1_219' title='bbox 543 3913 882 4004; x_wconf 86' lang='lat' dir='ltr'><strong>habeantarma,sb1</strong></span> <span class='ocrx_word' id='word_1_220' title='bbox 907 3940 1034 4014; x_wconf 76' lang='lat' dir='ltr'><strong>equos,</strong></span> <span class='ocrx_word' id='word_1_221' title='bbox 1057 3915 1115 3988; x_wconf 77' lang='lat' dir='ltr'><strong>fibi</strong></span> 
     </span>
     <span class='ocr_line' id='line_1_31' title="bbox 156 4011 1116 4118; baseline 0.01 -33"><span class='ocrx_word' id='word_1_222' title='bbox 156 4011 280 4099; x_wconf 79' lang='lat' dir='ltr'><strong>hastas,</strong></span> <span class='ocrx_word' id='word_1_223' title='bbox 305 4015 363 4086; x_wconf 86' lang='lat' dir='ltr'><strong>stbi</strong></span> <span class='ocrx_word' id='word_1_224' title='bbox 388 4016 537 4106; x_wconf 82' lang='lat' dir='ltr'><strong>ciavam;</strong></span> <span class='ocrx_word' id='word_1_225' title='bbox 565 4021 624 4094; x_wconf 87' lang='lat' dir='ltr'><strong>srbi</strong></span> <span class='ocrx_word' id='word_1_226' title='bbox 646 4024 770 4118; x_wconf 82' lang='lat' dir='ltr'><strong>pisam,</strong></span> <span class='ocrx_word' id='word_1_227' title='bbox 788 3969 846 4095; x_wconf 84' lang='lat' dir='ltr'><strong>sbi</strong></span> <span class='ocrx_word' id='word_1_228' title='bbox 872 4026 1059 4100; x_wconf 87' lang='lat' dir='ltr'><strong>natationes</strong></span> <span class='ocrx_word' id='word_1_229' title='bbox 1083 4042 1116 4097; x_wconf 87' lang='lat' dir='ltr'><strong>et</strong></span> 
     </span>
     <span class='ocr_line' id='line_1_32' title="bbox 155 4123 1114 4210; baseline 0.011 -13"><span class='ocrx_word' id='word_1_230' title='bbox 155 4123 286 4199; x_wconf 82' lang='lat' dir='ltr'><strong>ctttstts.</strong></span> <span class='ocrx_word' id='word_1_231' title='bbox 300 4123 398 4201; x_wconf 84' lang='lat' dir='ltr'><strong>nobis</strong></span> <span class='ocrx_word' id='word_1_232' title='bbox 417 4126 545 4203; x_wconf 84' lang='lat' dir='ltr'><strong>senibus</strong></span> <span class='ocrx_word' id='word_1_233' title='bbox 560 4156 604 4205; x_wconf 79' lang='lat' dir='ltr'><strong>ex</strong></span> <span class='ocrx_word' id='word_1_234' title='bbox 624 4131 806 4206; x_wconf 80' lang='lat' dir='ltr'><strong>lusionibus</strong></span> <span class='ocrx_word' id='word_1_235' title='bbox 829 4133 943 4209; x_wconf 79' lang='lat' dir='ltr'><strong>multis</strong></span> <span class='ocrx_word' id='word_1_236' title='bbox 964 4136 1052 4210; x_wconf 80' lang='lat' dir='ltr'><strong>talos</strong></span> <span class='ocrx_word' id='word_1_237' title='bbox 1064 4156 1114 4208; x_wconf 77' lang='lat' dir='ltr'><strong>te·</strong></span> 
     </span>
    </p>
   </div>
   <div class='ocr_carea' id='block_1_6' title="bbox 0 0 1174 4628">
    <p class='ocr_par' dir='ltr' id='par_1_7' title="bbox 0 0 1174 4628">
     <span class='ocr_line' id='line_1_33' title="bbox 0 0 1174 4628; baseline 0 2"><span class='ocrx_word' id='word_1_238' title='bbox 0 0 1174 4628; x_wconf 95' lang='lat' dir='ltr'><strong> </strong></span> 
     </span>
    </p>
   </div>
  </div>
 </body>
</html>
