2340 4628
338 331 348 356 Ι

659 372 663 385 ι

368 664 589 742 eruet
640 669 717 738 ru.
958 695 1021 771 ¹55

60 823 193 916 serum,
210 825 319 903 solum
340 826 462 901 audent
481 827 601 899 malum
625 827 736 901 dicere
756 828 809 918 id,
823 831 915 931 quod
928 847 1025 930 turpe

60 928 121 1017 fit3
151 934 213 1031 qui
240 954 349 1008 autem
373 934 552 1024 remiffius,
584 936 756 1011 hitamen
782 943 851 1014 non
878 939 1027 1015 dubitant

60 1039 229 1115 smmum
247 1041 371 1115 malum
392 1042 512 1117 dicere.
536 1045 624 1116 Nam
640 1044 729 1120 illud
747 1046 906 1144 quidem,

109 1154 221 1247 Neque
233 1154 306 1223 dedi
309 1204 321 1242 ,
333 1164 437 1247 nequi·
445 1157 487 1224 do
490 1157 589 1244 fidem
602 1152 720 1246 infideli
731 1159 877 1251 cuiquam
889 1183 902 1228 .·

62 1255 193 1332 ideireo
208 1261 296 1335 redte
316 1285 336 1332 a
351 1278 471 1358 poeta,
487 1262 583 1359 quia,
598 1286 675 1334 cum
689 1264 879 1364 traderetur
892 1268 1028 1356 Atreus,

64 1366 228 1464 personae
245 1370 458 1446 serviendum
481 1370 555 1444 fuit.
572 1371 637 1445 Sed
661 1371 684 1443 fi
710 1372 776 1445 hoc
794 1372 854 1446 fibi
872 1373 1026 1461 sumunt,

63 1475 189 1548 nullm
207 1474 274 1551 ell'e
287 1476 405 1570 fidem,
417 1479 504 1578 qu'ae
518 1477 643 1552 infideli
658 1480 802 1568 dara'lit3
817 1480 970 1570 videant,
985 1507 1026 1554 ne

62 1605 243 1684 quaeramr
265 1589 388 1664 latebra
409 1590 568 1689 periurio.
591 1589 646 1662 Eu
660 1614 769 1665 aurem
783 1593 946 1682 ius-etiam
959 1594 1027 1666 bel·
1048 1623 1094 1671 ¹07

61 1697 186 1784 licum,
200 1696 350 1798 fidesque
363 1701 573 1774 iurisiurandi
585 1699 679 1796 saepe
691 1727 770 1777 cum
784 1701 877 1777 holle
896 1701 1028 1780 servan·

61 1808 117 1882 da.
131 1809 241 1904 Quod
264 1808 354 1882 enim
376 1810 422 1882 ita
442 1809 584 1884 iuratum
598 1808 665 1899 ell,
679 1833 716 1883 ut
727 1835 821 1885 mem
838 1812 1029 1909 conciperet

64 1915 139 1992 lieri
159 1938 335 2017 oportere,
348 1920 382 1991 id
403 1919 599 1995 servandum
617 1919 665 2007 ell
678 1945 688 1993 ε
703 1923 796 2019 quod
818 1922 933 2007 aliter;
947 1922 982 1992 id
1003 1920 1028 1992 sr

66 2053 139 2102 non
157 2029 294 2120 feceris,
308 2032 431 2103 nullum
441 2030 488 2104 est
500 2030 690 2128 periurium.
703 2032 792 2119 ut,fi
807 2031 1030 2127 praedonibus

67 2137 200 2231 pallum
214 2162 278 2233 pro
293 2137 400 2233 capite
419 2137 562 2233 pretium
581 2162 651 2209 non
661 2137 829 2226 attuleris,
840 2139 927 2210 nulla
941 2136 1029 2211 fraus

67 2245 137 2332 etl,
151 2270 194 2318 ne
209 2245 233 2316 st
253 2247 376 2319 iuratus
390 2250 524 2344 quidem
546 2247 581 2319 id
596 2272 665 2318 non
679 2246 806 2320 feceris·
825 2273 902 2320 nam
925 2248 1029 2345 pirata

69 2380 141 2429 non
152 2355 201 2428 est
216 2381 258 2427 ex
272 2355 488 2449 perduellium
508 2379 650 2425 numero
671 2355 845 2447 definitus,
863 2358 918 2430 sed
935 2381 1030 2443 com·

69 2464 181 2538 munis
198 2462 299 2540 hostis
317 2462 478 2533 omnium.
494 2485 569 2532 cum
583 2461 648 2532 hoc
671 2486 731 2533 nec
745 2460 828 2533 fides
842 2463 955 2553 debet,
968 2489 1031 2537 nec

69 2572 297 2647 iusiurandum
318 2569 384 2642 elle
404 2592 595 2642 commune.
620 2569 700 2639 Non
723 2567 812 2639 enim
837 2567 950 2641 falsum
977 2571 1030 2643 iu·
1053 2587 1099 2637 teu

70 2688 166 2773 rare3
187 2683 356 2781 periurare
380 2678 448 2765 est;
472 2678 551 2767 sed,
579 2680 671 2776 quod
695 2704 737 2752 ex
763 2679 863 2752 animi
891 2681 937 2755 tui
957 2682 1031 2756 seu-

69 2792 173 2867 tentia
189 2791 325 2878 iuratis,
339 2785 420 2861 licut
441 2788 552 2861 verbis
575 2787 765 2886 concipitur
788 2815 885 2864 more
901 2791 1033 2884 nostro,

71 2897 109 2970 id
133 2897 363 2982 nonfacere,
387 2897 567 2995 periurium
594 2895 650 2972 est.
678 2898 766 2974 Scite
788 2901 877 2975 enim
898 2902 1034 2998 Euripiae

72 3007 157 3081 des:

124 3120 236 3189 lutari
254 3120 385 3215 lingua,
399 3142 525 3192 mentem
541 3120 716 3207 iniuratum
727 3143 806 3215 gero.

74 3227 222 3325 Regulus
241 3253 326 3301 vero
345 3255 414 3304 non
437 3231 548 3304 debuit
570 3230 779 3303 conditiones
801 3226 1036 3323 pallionesque

72 3336 207 3410 bellicas
229 3356 262 3409 et
284 3339 416 3413 hostiles
441 3340 635 3434 perturbare
654 3335 813 3432 periurio.
846 3360 923 3406 cum
949 3333 1035 3407 iullo
1115 3393 1131 3427 ,

75 3446 166 3521 enim
178 3466 212 3522 et
222 3447 373 3545 legitimo
390 3447 483 3521 holle
497 3472 548 3520 res
561 3449 755 3543 gerebatur3
770 3436 1036 3543 adversus'quem

73 3576 109 3631 et
131 3576 243 3633 totum
262 3560 313 3633 ius
330 3559 458 3644 setia'e,
472 3576 504 3629 et
525 3558 626 3629 multa
660 3556 733 3628 sunt
747 3555 817 3630 iura
836 3556 1038 3632 communia.

74 3668 169 3765 quod
182 3667 216 3739 ni
231 3666 277 3739 ita
286 3666 384 3754 edet,
397 3670 565 3764 nunquam
579 3666 687 3739 claros
698 3664 790 3738 viros
804 3664 931 3739 senatus
946 3666 1038 3740 vinc·

77 3798 131 3853 tos
147 3779 298 3856 hostibus
320 3779 500 3852 dedidillet.
522 3783 565 3850 tt
582 3801 667 3852 vero
685 3779 727 3850 T.
749 3778 905 3852 Veturius
926 3766 965 3853 et‘
983 3783 1038 3875 Sp.
1058 3807 1104 3880 30

74 3885 289 3971 Postumium
304 3911 379 3958 cum
403 3886 521 3960 iterum
540 3882 690 3959 consules
711 3883 834 3976 client,
849 3885 1038 3982 quia,cum
1060 3920 1104 3970 ως

79 3998 161 4072 male
174 4016 363 4095 pugnatum
383 3996 471 4091 apud
484 3994 652 4067 Caudium
665 3991 761 4079 effet,
774 3992 962 4089 legionibus
974 4017 1038 4065 no·

77 4102 148 4184 uris
158 4105 222 4183 sub
236 4104 354 4203 iugum
367 4102 466 4179 misus
476 4155 487 4193 ‚
499 4125 614 4202 pacem
632 4126 709 4179 cum
726 4100 929 4177 Samnitibus
943 4098 1041 4196 fece-j
