2340 4628
157 684 230 753 228
474 677 806 751 tutatus

103 868 132 919 π
154 840 225 941 geri
248 838 358 911 novit.
382 839 475 933 Quid
494 855 604 911 autem
624 836 772 925 fluuius,
785 838 1091 939 qtmmnpht'

154 952 382 1049 munilcopiis,
395 951 626 1036 facultatibus,
642 950 763 1047 om'bus
774 950 915 1047 poffim,
932 970 1044 1025 cetea
1062 974 1091 1051 pt

153 1091 238 1153 rare,
251 1090 336 1165 quae
349 1082 503 1162 parantur
513 1061 666 1159 pecunia,
678 1060 978 1160 musinium,
997 1060 1091 1135 vestm

149 1176 338 1275 egregiam,
360 1172 434 1247 vasa
450 1170 615 1269 pretiosa
636 1172 763 1243 amicos
785 1194 855 1242 non
877 1196 1016 1267 pum,
1031 1168 1091 1269 opi

155 1308 244 1357 mam
268 1304 301 1357 et
324 1280 575 1379 pulcherrimam
598 1278 700 1367 vitae,
722 1296 762 1351 ut
783 1278 829 1350 ita
853 1279 991 1369 dium,
1012 1278 1091 1375 stud

155 1391 295 1465 leflilem
308 1390 322 1461 ὶ
337 1387 460 1463 etenim
474 1408 582 1459 cetera
597 1409 673 1457 cum
686 1408 823 1483 param,
834 1387 892 1460 cui
908 1392 1092 1485 parmam!

154 1502 259 1589 ciunt,
280 1488 341 1575 uec
355 1500 449 1573 cuius
463 1497 558 1570 causa
578 1498 742 1569 laborent.
763 1498 836 1570 eius
861 1499 954 1571 euim
976 1498 1092 1573 estifio

153 1636 228 1685 rum
250 1609 428 1707 quodque,
445 1605 504 1704 qui
523 1604 628 1678 vincit
650 1605 802 1677 viribus:
824 1605 1092 1681 amicitiarumsu

154 1720 273 1813 cuique
289 1734 460 1815 permanat
479 1714 600 1787 stabilis
614 1732 648 1786 et
659 1732 748 1789 certa
763 1713 942 1811 poss'effio3
953 1734 1009 1809 ut,
1019 1716 1092 1791 etim

154 1816 419 1914 stillaiuaueant‚
435 1850 521 1924 quae
534 1826 607 1898 sunt
620 1824 709 1923 quafi
726 1826 815 1897 dona
827 1824 997 1917 fortunae,
1008 1846 1092 1902 tamti

153 1941 224 2013 vita
238 1940 357 2013 inculta
374 1963 408 2013 ct
426 1938 552 2011 desem
573 1939 616 2010 ab
636 1937 753 2012 amicis
774 1963 844 2014 nou
862 1939 965 2037 poffit
982 1940 1092 2016 effeiu

155 2052 274 2123 cunda.
295 2050 359 2121 Sed
373 2049 454 2120 haec
467 2049 633 2120 hactemus.

93 2156 133 2225 16
203 2157 437 2232 constituendi
455 2176 563 2229 autem
575 2155 735 2254 sunt,qui
746 2153 808 2228 iim
818 2155 854 2227 iu
867 2155 1093 2232 amicitiafiuet

104 2278 133 2344 5⁶
152 2286 185 2341 et
204 2268 292 2369 quafi
312 2268 446 2342 termini
468 2265 643 2365 diligendi;
658 2265 699 2337 de
712 2266 833 2364 quibus
845 2282 914 2339 tres
930 2268 1035 2343 video
1047 2268 1093 2341 seu

152 2382 268 2457 tentias
291 2380 390 2471 ferri,
405 2403 544 2479 quarum
571 2377 692 2449 nullam
714 2376 825 2472 probo
840 2402 850 2448 τ
863 2400 990 2468 uuam,
1004 2394 1093 2451 uteo

152 2496 228 2567 dem
249 2494 354 2565 modo
368 2519 446 2593 erga
455 2492 600 2565 amicum
615 2486 718 2560 affetu
730 2486 848 2576 fimus,
862 2512 934 2588 quo
947 2492 1024 2591 erg'a
1036 2512 1093 2563 noa

151 2605 329 2699 metipsos:
352 2606 507 2690 alteram,
522 2624 559 2675 ut
580 2598 693 2671 nostra
706 2600 740 2669 in
764 2599 890 2673 amicos
908 2600 1094 2675 benevoieu

149 2714 215 2800 tia,
229 2714 362 2786 iliorum
385 2740 462 2811 erga
478 2737 539 2785 nos
552 2709 805 2784 benevolentiae
824 2711 950 2808 pariter
970 2707 1094 2809 aequali

150 2840 269 2893 ternuc
295 2822 512 2918 respoudeat*
533 2820 683 2911 tertiam,
707 2839 760 2907 ut,
780 2819 896 2921 quanti
918 2816 1094 2920 quisquei

101 2948 130 2999 57
150 2928 217 3023 ipsu
229 2928 326 3019 facit,
340 2928 419 3001 tami
438 2927 495 3002 fiat
513 2929 555 3001 ab
567 2930 693 3006 amicis.
720 2928 963 3023 Harumtrium
980 2928 1094 3006 senten·

148 3036 267 3108 timum
288 3036 368 3109 nulli
389 3036 523 3136 prorsus
544 3036 709 3115 attentior.
738 3065 799 3114 nec
821 3040 911 3112 enim
934 3040 988 3114 itta
1006 3039 1095 3139 prim

149 3170 229 3219 vura
247 3143 313 3236 est,
333 3170 386 3236 ut,
408 3146 693 3243 quemadmodum
712 3150 748 3223 in
771 3150 803 3222 se
825 3147 986 3249 quisque,
1008 3150 1051 3224 fic
1071 3146 1095 3219 it

147 3258 292 3333 amicum
314 3257 352 3330 sit
372 3258 542 3331 animatus.
561 3261 673 3354 Quam
700 3260 802 3332 muita
819 3261 932 3346 enim,
947 3282 1032 3359 quae
1048 3281 1095 3331 uo

148 3368 211 3443 stra
233 3370 328 3443 causa
348 3396 517 3467 nunquam
535 3369 737 3459 faceremus,
754 3368 895 3443 facimus
918 3368 1013 3443 causa
1030 3366 1095 3442 ami

147 3483 289 3556 corum?
318 3484 446 3579 precati
467 3485 508 3557 ab
527 3482 684 3582 indigum,
699 3484 904 3581 supplicare;
924 3504 997 3556 tum
1016 3504 1095 3555 acer·

149 3590 221 3661 hius
242 3592 276 3662 in
298 3594 440 3689 aliquem
461 3592 597 3678 invehi,
626 3592 838 3690 infestamque
861 3591 1095 3674 vehementut53

148 3722 233 3797 quat·
251 3700 284 3769 iu
301 3702 418 3775 uostris
432 3704 528 3777 rebus
543 3728 612 3775 non
626 3703 698 3777 satis
709 3702 845 3777 honeste
855 3759 867 3791 ‚
877 3705 911 3776 in
924 3703 1096 3778 amicorum

148 3802 232 3878 fiunt
243 3808 466 3885 honestiffime
476 3838 485 3883 τ
497 3814 616 3885 multae
631 3839 766 3912 quoque
781 3840 833 3888 res
845 3814 933 3903 sunt,
943 3812 978 3885 in
991 3813 1096 3912 quibu

147 3917 189 3987 de
208 3915 272 3988 suis
289 3922 478 3994 commodis
491 3923 555 3995 viri
574 3925 655 3996 boni
674 3925 775 3997 multa
792 3926 991 4009 detrahunt,
1010 3924 1096 3996 detra

147 4024 248 4122 hique
261 4026 441 4120 patiuntur,
455 4050 490 4101 ut
504 4030 542 4103 iis
555 4034 654 4105 amici
669 4035 795 4129 potius,
805 4056 903 4131 quam
916 4033 990 4129 ipsi,
1004 4030 1096 4105 frum

99 4148 129 4216 ‚t
150 4150 212 4207 tur.
232 4136 341 4208 Altera
359 4134 517 4209 sementia
530 4138 601 4230 est,
621 4164 707 4238 quae
724 4140 839 4214 definit
862 4142 1045 4218 amicitiam
1058 4162 1096 4239 pt
