2340 4628
147 472 248 594 ar
400 500 895 577 neorrrcrrs

144 659 342 737 indecorum
365 660 560 751 videratur,
577 662 672 762 quod
691 688 752 739 eos
774 662 871 740 fuiffe
892 660 998 739 iustos
1011 673 1119 741 occea

144 770 262 869 pimus.
274 789 308 845 at
319 774 424 847 Atreo
443 771 592 861 dicente,
606 772 735 869 plausus
749 773 943 849 excitantur.
959 772 1009 849 est
1022 776 1117 851 eninr

143 880 242 979 digna
260 881 400 979 persona
410 882 532 957 oratio.
560 883 625 957 Sed
641 902 760 981 poetae
774 884 855 983 quid
868 910 1040 989 quemque
1054 888 1117 961 de·

97 1068 101 1079 ,
143 1013 237 1082 ceat,
251 1016 294 1065 ex
313 990 454 1089 persona
466 991 671 1067 iudicabunt
686 991 785 1065 nobis
805 1012 914 1068 autem
933 992 1115 1093 personam

141 1100 301 1198 imposuit
321 1101 390 1200 ipsa
406 1126 543 1196 natura,
558 1130 678 1203 magna
699 1128 777 1177 cum
797 1104 991 1185 excellentia
1009 1129 1112 1203 prae·

95 1225 128 1291 98
144 1207 323 1310 stantiaque
339 1212 557 1287 animantium
576 1212 785 1311 reliquarum.
801 1213 974 1309 Quocirca
990 1230 1113 1311 poetae

143 1319 178 1394 in
201 1348 320 1421 magna
337 1323 496 1409 varietate
512 1322 750 1421 personarum,
764 1324 864 1399 etiam
885 1323 1014 1399 vitioiis
1029 1324 1113 1425 quid

143 1429 345 1516 conveniat,
365 1449 399 1504 et
420 1430 502 1528 quid
528 1431 665 1522 deceat,
679 1432 868 1507 videbunt:
883 1432 984 1507 nobis
999 1450 1112 1515 autem

144 1564 222 1613 cum
238 1564 259 1610 a
276 1556 392 1613 natura
413 1538 629 1630 constantiae,
642 1542 905 1633 moderationis,
917 1565 1110 1640 temperan-

143 1650 231 1739 tiae,
244 1649 464 1727 verecundiae
486 1668 594 1749 partes
616 1653 711 1727 datae
728 1650 810 1739 fint3
824 1676 970 1751 euntque
991 1650 1111 1725 eadem

143 1775 262 1831 natura
282 1758 401 1833 doceat
427 1782 498 1831 non
524 1758 713 1859 negligere,
736 1758 1022 1855 quemadmodum
1048 1780 1113 1829 nos

143 1868 305 1945 adversus
333 1869 487 1945 homines
509 1892 683 1966 geramum
707 1866 921 1954 efficitur,ut
944 1882 978 1939 et
999 1865 1111 1955 illud,
1156 1897 1161 1908 ·

144 1977 239 2076 quod
259 1978 303 2051 ad
324 1999 462 2051 omnem
488 1973 693 2052 honestatem
729 1975 898 2075 pertinet,
919 1975 1082 2049 decorum
1097 2022 1115 2063 ,.

140 2110 244 2184 quarn
261 2086 327 2161 late
340 2086 450 2161 fusum
464 2084 524 2170 fit,
538 2103 711 2184 appareat,
725 2103 759 2158 et
771 2084 858 2175 hoc,
873 2083 969 2185 quod
986 2080 1113 2181 specta,-

143 2198 251 2271 turin
268 2220 475 2297 unoquoque
494 2186 614 2296 genere
634 2193 779 2271 virtutis.
795 2198 844 2269 Ut
857 2193 947 2268 enim
965 2192 1113 2292 pulchri·

143 2307 228 2385 tudo
249 2306 404 2405 corporis
425 2324 501 2405 apta
516 2304 761 2404 compositione
782 2304 1011 2379 membrorum
1033 2326 1112 2375 mon

144 2440 204 2493 vet
217 2420 355 2507 oculos,
368 2441 403 2493 et
416 2406 553 2493 deleciat
570 2418 640 2491 hoc
659 2416 751 2515 ipso,
763 2414 858 2514 quod
870 2414 957 2493 inter
977 2412 1012 2487 se
1034 2438 1111 2486 om·

140 2556 203 2631 ,nes
222 2550 422 2628 partescum
437 2530 583 2629 quodam
597 2530 713 2626 lepore
732 2520 960 2605 consentiunt:
978 2525 1022 2601 fic
1042 2525 1112 2605 hoc

144 2640 329 2728 decorum,
348 2638 442 2735 quod
464 2638 570 2727 elucet
591 2638 627 2710 in
649 2638 736 2727 vita,
752 2661 870 2713 movet
888 2638 1110 2735 approbatio·

144 2772 223 2829 nem
244 2771 387 2832 eorum,
408 2744 605 2845 quibuscum
633 2746 784 2835 vivitur„
801 2746 940 2834 ordine,
962 2765 996 2821 et
1021 2772 1110 2823 con·

143 2855 278 2947 stantia,
290 2874 323 2929 et
338 2852 569 2949 moderatione
581 2854 748 2937 diciorum
761 2855 912 2928 omnium
927 2874 1026 2955 atque
1040 2857 1111 2932 fac·

95 2999 128 3052 99
138 2985 267 3059 torum.
281 2962 478 3039 Adhibenda
496 2962 543 3037 est
555 2963 656 3065 igitur
668 2965 830 3062 quaedam
844 2965 1033 3039 reverentia
1045 2968 1110 3042 ad·

143 3076 256 3163 ¹uersus
267 3073 441 3167 homines,
454 3074 488 3152 e't
509 3074 632 3173 optimi
644 3075 826 3174 cuiusque,
843 3094 876 3152 et
888 3075 1112 3177 reliquorum.

143 3213 222 3269 nam
242 3186 409 3285 negligere
433 3183 513 3287 quid
535 3183 623 3262 dese
643 3184 784 3285 quisque
804 3182 941 3276 sentiat,
959 3212 1031 3261 non
1053 3186 1110 3277 sq·

122 3301 213 3403 *lum
232 3300 414 3399 arrogantis
436 3299 505 3385 est,
522 3298 578 3371 sed
597 3300 697 3373 etiam
717 3298 860 3373 omnino
880 3296 1038 3375 diuolut‘u
1051 3298 1110 3385 Est

140 3430 254 3485 autem
275 3411 368 3505 quod
383 3408 536 3494 differat,
552 3407 587 3481 in
601 3409 778 3487 hominurn
791 3406 919 3482 ratione
932 3406 1110 3503 habenda,

139 3518 232 3617 inter
250 3518 403 3593 iustitiam
422 3540 456 3593 et
473 3517 719 3593 verecundiam.
743 3516 884 3591 iustitiae
896 3536 1005 3617 partes
1018 3518 1111 3609 sunt,

143 3656 216 3731 non
234 3631 362 3704 violare
384 3630 556 3717 homines,
569 3631 810 3719 verecundiae,
824 3624 894 3704 non
917 3630 1109 3708 offendere:

145 3739 181 3815 in
202 3765 272 3839 quo
283 3741 427 3813 maxime
439 3742 633 3841 perspicitur
646 3741 698 3817 vis
718 3739 845 3817 decori.
857 3742 921 3815 His
932 3742 1037 3841 igitur
1050 3768 1108 3816 ex·

145 3852 278 3953 pofitis,
295 3852 392 3951 quale
411 3853 449 3927 iit
460 3852 515 3942 id,
529 3853 623 3954 quod
643 3854 760 3931 decere
781 3852 946 3944 dicimus,
957 3852 1109 3931 intellec·

146 3979 216 4036 tum
236 3980 330 4060 puto.
