2340 4628
177 660 247 711 no
341 636 421 709 ue
457 633 715 707 orrrcrrs
747 632 929 705 tinen
962 618 1016 707 rr.

169 797 314 872 cessaria
332 799 419 871 Nam
428 818 463 870 et
475 796 628 893 eorporis
639 796 820 869 commoda
833 819 912 869 cum
925 760 1155 886 exterrtis,et¹

169 930 305 981 externa
314 933 389 980 cum
401 907 571 1004 corporis,
581 927 615 976 et
628 905 695 1001 ipsa
704 905 790 976 inter
804 902 836 997 se
845 904 1021 1001 eorporis,
1030 925 1066 979 et
1074 931 1134 979 ex·

169 1040 263 1091 terna
276 1041 354 1088 cum
366 1016 512 1088 externis
523 1010 708 1108 comparari
721 1011 836 1083 solent.
852 1013 943 1083 Cum
960 1000 1133 1107 externis,

169 1128 324 1224 eorporis
334 1180 346 1212 ,
356 1128 423 1199 hoc
437 1126 543 1197 modo
557 1143 790 1221 comparannu
801 1147 812 1194 ε
824 1123 944 1196 Valere
957 1146 996 1196 ut
1011 1124 1131 1214 malis,

168 1261 271 1334 quam
280 1237 373 1310 dives
385 1235 557 1311 effecum
569 1232 910 1329 corporis,externa,
922 1232 989 1309 hoc
1002 1237 1132 1308 modo:

169 1346 278 1422 Dives
294 1347 360 1422 esse
378 1347 504 1444 potins,
516 1371 616 1442 quarn
638 1345 792 1417 niaximis
812 1346 969 1443 corporis
992 1345 1131 1423 viribus

171 1459 240 1555 lpsa
260 1461 347 1531 inter
369 1458 401 1530 se
417 1454 571 1551 corporis
585 1453 629 1525 sic
643 1472 702 1525 eut
725 1454 818 1525 Bona
832 1454 991 1528 valetudo
1006 1457 1132 1556 volup·

169 1569 228 1639 tati
246 1582 485 1662 anteponatur,
510 1564 598 1634 vires
619 1563 790 1636 celeritati.
814 1566 1042 1639 Externorum
1068 1594 1130 1640 au·

121 1697 154 1759 t,
168 1697 257 1764 tem,
274 1694 312 1746 ut
323 1672 429 1771 gloria
435 1671 561 1745 divitiis
571 1725 583 1761 ,
595 1672 770 1769 velligalia
783 1674 907 1747 urban'a
918 1673 1061 1750 rusticis.
1079 1680 1130 1751 Ex

167 1809 238 1879 quo
251 1806 372 1880 genere
396 1782 659 1879 comparationis
674 1781 755 1855 illud
772 1783 820 1856 etl
832 1783 972 1857 Catonis
985 1783 1070 1859 senis
1084 1813 1130 1861 :a

102 1970 110 1999 Ι
166 1917 325 1990 quocum
348 1914 576 1991 quereretur,
589 1892 672 1990 quid
696 1894 841 1965 maxime
866 1893 901 1964 in
920 1918 956 1967 re
972 1892 1129 1969 familiari

166 2004 350 2102 expediret,
361 2004 553 2098 respondit,
564 2005 654 2075 Bene
668 2003 810 2100 pascere.
822 2004 916 2097 Quid
926 2006 1128 2081 secundum?

166 2116 249 2187 Satis
260 2115 346 2187 bene
353 2114 494 2210 pascere.
502 2114 597 2207 Quid
607 2115 762 2187 tertium?
778 2116 865 2187 Male
874 2116 1020 2211 pascere.
1033 2118 1127 2210 Quid

166 2224 345 2321 quartum?
360 2230 474 2296 Arare.
486 2226 548 2311 Et,
561 2248 638 2295 curn
652 2224 705 2294 ille
715 2278 728 2311 ,
739 2224 796 2321 qui
814 2224 1017 2321 quaesierat,
1030 2228 1128 2299 dixis·

167 2333 340 2426 set,Quid
356 2329 548 2405 soeneraril
573 2333 663 2403 Tum
681 2334 794 2419 Cato,
819 2334 913 2426 Quid
936 2334 1127 2423 hominem,

168 2444 299 2541 inquit,
314 2441 496 2515 occidere?
510 2442 559 2511 Ex
580 2466 649 2537 quo
662 2494 674 2530 ,
687 2462 721 2512 et
747 2444 858 2515 midtu
883 2443 971 2531 aliis,
989 2443 1126 2543 intelligi

167 2553 285 2638 debet,
302 2552 480 2624 utilitatum
498 2550 765 2643 comparationes
787 2546 860 2621 fieri
880 2551 1009 2638 solere,
1020 2540 1124 2629 telless

166 2691 232 2758 que
246 2667 313 2736 hoc
324 2665 516 2735 adiunllum
528 2661 594 2732 esse
606 2680 761 2757 quartum
772 2662 1059 2760 exquirendorum
1073 2664 1125 2737 os-

119 2806 151 2853 ,0
167 2767 321 2841 liciorum
343 2796 455 2865 genus.
474 2770 539 2841 Sed
554 2788 631 2842 toto
648 2772 715 2843 hoc
735 2773 777 2845 de
797 2798 942 2871 genere,
964 2777 1007 2849 de
1022 2802 1122 2874 quae·

165 2880 281 2966 reuda,
292 2880 333 2951 de
343 2880 537 2952 collocanda
551 2880 708 2971 pecunia,
720 2884 819 2955 etiam
831 2886 874 2957 de
887 2888 1125 2976 utenda,eonr·

166 2987 298 3059 modius
319 3010 338 3058 a
356 2988 553 3083 quibusdam
572 2989 709 3084 optimis
732 2993 833 3083 viris,
848 2997 892 3069 ad
909 2998 1060 3071 medium
1073 2976 1122 3072 lt·

166 3125 248 3173 nurn
264 3096 583 3195 sedentibus,quam
606 3100 649 3172 ab
663 3100 736 3173 ullis
761 3105 972 3202 philosophis
999 3108 1066 3181 ulla
1088 3110 1122 3181 in

163 3208 275 3281 schola
293 3206 485 3305 disputatur.
501 3212 584 3283 Sunt
596 3231 709 3283 tamen
726 3236 765 3283 ea
789 3214 1033 3311 cognoscenda.
1047 3244 1121 3315 per·

165 3320 272 3393 tinent
290 3319 381 3392 enim
399 3321 442 3392 ad
465 3319 655 3409 utilitatem,
668 3323 710 3393 de
726 3347 791 3419 qua
813 3323 880 3397 hoc
903 3325 992 3403 libro
1011 3326 1121 3426 dispu-

163 3449 267 3505 tatum
281 3430 340 3506 esl.
356 3432 493 3531 Reliqua
507 3432 665 3530 deinceps
682 3432 929 3531 persequemur.
