2340 4628
132 627 202 701 262
298 627 353 699 Μ.
383 624 600 698 TULLII
636 620 977 702 CICERONIS

126 806 238 863 nmen
256 785 412 861 etbreve
430 805 467 859 et
487 782 810 873 wnfitendumest‚
834 780 898 855 ὥ
916 780 977 883 ιμ’
994 776 1088 855 imit

126 896 288 987 affectus,
307 896 374 970 et'se
396 894 538 969 liberum
563 894 742 967 mminem.
763 896 871 994 Igitur
887 918 1011 969 omoes
1028 890 1088 965 int·

127 1006 250 1106 probi,
269 1005 365 1079 servi
392 1005 538 1087 nechoc
557 1020 627 1077 tam
646 1028 684 1077 re
702 1000 772 1090 est,
788 1026 894 1101 quam
916 1000 1089 1077 difluino·

128 1116 281 1215 pinetum
303 1134 404 1215 atque
423 1114 583 1187 mirabile.
607 1138 678 1186 non
699 1114 789 1186 enim
807 1116 856 1187 in
877 1114 1016 1205 dicum,
1032 1132 1088 1185 eos

128 1224 195 1299 effe
223 1224 363 1315 servos,
387 1240 425 1295 ut
448 1218 641 1318 mancipia,
664 1244 750 1317 qnae
775 1221 854 1301 sunt
875 1218 1087 1293 domimum

131 1332 215 1409 sana
234 1358 349 1423 nexu,
371 1351 427 1407 aut
447 1332 565 1428 aliquo
587 1326 659 1405 iure
677 1330 791 1417 civiti3
813 1330 896 1420 sed,
914 1328 940 1403 ti
956 1328 1091 1403 servitus
1128 1350 1131 1449 ;

131 1442 172 1517 fit
183 1494 196 1533 ‚
215 1444 298 1517 ficut
312 1442 378 1533 est,
402 1440 593 1515 obedientia
614 1438 711 1515 fracti
727 1438 832 1513 animi
851 1458 888 1513 et
909 1436 1090 1525 ΜΛ
1113 1506 1121 1535 ,

132 1553 270 1627 arbitrio
302 1554 441 1626 carentis
475 1551 563 1641 suo,
591 1552 668 1652 quis
693 1568 817 1650 neget,
841 1574 964 1624 omnes
979 1550 1089 1638 leva,

134 1686 253 1736 omnes
283 1660 455 1758 cupidos,
483 1684 603 1735 omnes
628 1660 771 1759 denique
800 1660 1005 1756 improbos,
1031 1654 1090 1729 effe

92 1801 114 1857 ι
133 1771 278 1845 servos?
299 1776 351 1843 Αιι
372 1770 428 1845 itte
453 1771 535 1845 mihi
562 1771 673 1861 liber,
704 1768 759 1847 cui
784 1770 906 1841 mulier
926 1765 1089 1866 imperati

133 1883 190 1959 cui
206 1884 293 1983 leges
310 1885 477 1980 imponit,
494 1878 709 1981 praescribit,
726 1880 844 1970 iubet,
868 1898 988 1971 vetat,
1004 1876 1091 1978 quod

132 1992 297 2067 videtur?
317 1988 375 2090 qbi
404 1992 484 2065 nihil
507 1991 680 2089 imperanti
704 2014 825 2088 negare
851 1990 989 2087 potest,
1015 1986 1090 2064 nibil

135 2100 284 2175 tectisue
306 2098 432 2173 audet?
457 2098 598 2171 Poscit?
623 2097 768 2170 dandum
792 2095 862 2169 est:
882 2098 1014 2175 vom?
1033 2122 1091 2173 ve·

134 2209 292 2283 niendum
308 2236 316 2283 :
335 2208 425 2282 eiicit
439 2204 453 2280 i
468 2208 655 2280 abeundum
670 2234 680 2281 ι
698 2207 866 2281 minatur?
882 2207 1092 2281 extimescen-

135 2317 226 2393 dum.
254 2323 326 2420 Ego
347 2344 432 2393 vero
454 2317 551 2392 istum
568 2343 637 2391 non
659 2321 764 2392 modo
785 2321 942 2409 servum,
962 2317 1091 2392 sedne·

136 2430 324 2528 qniffimum
350 2432 509 2521 servum,
532 2430 633 2505 etiam
660 2428 683 2502 si
706 2432 741 2504 in
762 2431 957 2529 ampliffima
975 2429 1092 2503 familia

137 2559 230 2614 natus
253 2540 314 2628 fit,
337 2542 568 2641 appellandum
594 2557 686 2638 puto.
722 2544 832 2637 Atque
856 2559 894 2614 ιιι
920 2542 956 2613 in
979 2565 1091 2644 magna

137 2648 259 2722 familia
281 2652 353 2724 sunt
374 2651 429 2722 alii
450 2650 605 2723 lautiores
631 2648 693 2747 (ut
707 2648 765 2721 fibi
785 2651 970 2746 videntur)
985 2653 1092 2744 servi,

137 2759 192 2833 sed
214 2781 322 2831 tamen
341 2756 451 2846 servi,
472 2754 624 2829 atrienses
645 2780 682 2829 ac
703 2756 857 2854 topiarii3
879 2761 951 2857 pari
966 2758 1093 2833 stultitia

137 2865 233 2954 sunt,
251 2888 337 2962 quos
357 2862 468 2967 signa,
486 2887 571 2960 quos
591 2863 738 2950 tabulae,
757 2888 844 2963 quos
863 2867 1025 2941 caelatum
1041 2891 1094 2939 ar·

137 2988 303 3076 gentum,
337 2995 424 3069 quos
451 2970 627 3043 Corinthia
657 2997 791 3069 opera,
826 2996 915 3072 quos
946 2975 1092 3050 aedificia

137 3076 312 3178 magnifica
339 3078 445 3152 nimio
470 3104 573 3175 opere
601 3079 772 3156 delebant.
813 3088 857 3156 At
884 3084 1023 3174 sumus,
1045 3084 1094 3158 in·

137 3194 283 3292 quiunt,
308 3189 451 3265 civitatis
472 3188 647 3287 principes.
686 3196 758 3264 Vos
783 3217 869 3265 vero
893 3219 937 3267 ne
962 3194 1095 3268 conser-

138 3328 263 3377 vorum
286 3301 420 3401 quidem
445 3297 633 3375 vestrorum
661 3299 828 3397 principes
851 3299 937 3376 estis.
972 3303 1037 3373 Sed
1061 3317 1096 3374 ut

138 3412 174 3487 in
190 3412 334 3503 familia,
355 3412 413 3510 qui
433 3410 571 3486 trafiant
591 3408 672 3502 ista,
689 3410 747 3508 qui
773 3428 928 3508 tergunt,
950 3412 1009 3509 qui
1033 3437 1095 3484 un·

138 3541 242 3617 gunt,
258 3521 315 3615 qui
329 3538 483 3606 verrunt,
494 3521 551 3618 qui
565 3518 738 3619 spargunt,
751 3544 820 3593 non
834 3504 1096 3594 honestiffintubt

137 3632 250 3703 locum
269 3630 434 3708 servitutis
454 3651 589 3705 tenent:
608 3632 651 3705 bc
673 3633 708 3704 in
729 3633 890 3721 civitate,
907 3630 964 3730 qui
978 3633 1011 3705 se
1025 3629 1096 3704 ista·

139 3762 213 3812 rum
239 3764 350 3814 rerum
370 3742 601 3839 cupiditatibus
622 3744 846 3834 dediderunt,
874 3742 974 3841 ipsius
994 3732 1109 3817 se'rvi·

138 3846 219 3921 tutis
241 3847 352 3919 locum
381 3875 483 3945 paene
506 3851 656 3926 infimum
674 3852 840 3929 obtinent.
882 3857 1026 3952 Magna,
1044 3854 1098 3926 in·

139 3952 239 4050 quis,
267 3952 349 4027 bella
374 3960 484 4054 geffi;
519 3960 644 4058 magnis
676 3960 824 4057 imperiis
852 3981 886 4035 et
912 3963 1098 4060 provinciis

139 4062 279 4167 praefui.
296 4067 383 4141 Gere
393 4067 492 4167 igitur
505 4069 651 4149 animum
663 4071 760 4146 laude
770 4071 921 4170 dignum.
938 4070 1100 4151 Echionis
