2340 4560
10 25 1120 451 μ]

10 600 15 799 Ι
369 658 682 737 eruent.
971 688 1014 766 ,ι

57 846 105 897 ne
116 840 234 917 aretem
255 825 300 897 ad
321 848 375 898 ret
392 821 526 897 iniustas
543 822 744 920 impellitur,
760 842 799 896 ut
814 823 957 927 quisque
970 826 1020 903 est

56 929 205 1004 altissimo
225 932 343 1004 animo
358 950 393 1003 et
406 930 532 1029 gloriae
546 930 680 1028 cupido,
700 931 760 1028 qui
774 932 869 1007 locus
881 933 929 1006 ell
942 935 1019 1009 sane

56 1042 216 1133 lubricus,
234 1045 335 1140 quod
351 1043 413 1117 vix
424 1041 614 1126 invenitur,
626 1038 686 1140 ¹qui
706 1044 875 1119 laboribus
889 1038 1020 1147 suscep·

55 1152 111 1237 tis,
125 1153 357 1252 periculisque
371 1152 489 1238 aditis,
503 1176 573 1225 non
591 1152 681 1252 quati
701 1157 888 1229 mercedem
907 1182 1019 1233 rerum

55 1262 213 1360 gestarum
235 1262 401 1336 defideret
418 1260 571 1359 gloriam.

99 1370 381 1465 Omninosortit
408 1370 559 1461 mimus,
581 1387 615 1443 tt
633 1392 791 1467 magnus,
813 1371 940 1445 duabus
961 1399 1015 1447 re·
1036 1388 1084 1444 ao
1158 1464 1160 1468 ι

58 1482 114 1556 bus
132 1484 284 1555 maxime
300 1483 464 1568 cernitur;
479 1504 620 1579 qttarunt
640 1504 705 1552 una
725 1481 760 1555 in
779 1506 889 1556 rerunt
903 1502 1018 1558 extet·
1032 1491 1064 1557 ⁶6

59 1616 171 1663 nanim
197 1591 416 1689 despicientia
443 1591 606 1688 ponitur,
635 1614 713 1663 curn
739 1591 926 1690 persuasum
954 1595 1024 1688 fit,
1091 1590 1097 1603 ’
1157 1660 1160 1665 ,

56 1704 136 1775 uiltss
157 1703 359 1790 hominem,
382 1700 443 1773 niti
468 1702 563 1799 quod
587 1699 761 1774 honestum
789 1703 1020 1806 decorumque

55 1809 113 1897 fit,
130 1832 188 1885 aut
202 1811 382 1900 admirari,
401 1826 459 1882 aut
476 1830 621 1905 optare,
638 1827 694 1882 aut
710 1830 864 1909 expetere
880 1837 1021 1912 oporte-

56 1944 116 2006 re;
145 1921 297 2019 nullique
326 1944 436 2017 neque
458 1918 615 2005 homini,
644 1944 753 2017 neque
777 1926 1018 2018 perturbationi

56 2030 178 2117 animi,
192 2054 257 2103 nec
276 2028 432 2101 fortunae
443 2026 668 2129 succumbere.
693 2028 809 2102 Altera
826 2029 872 2104 est
887 2056 950 2120 res,
968 2052 1018 2123 ut,

57 2164 129 2211 cum
154 2142 199 2213 ita
221 2141 261 2214 (ις
282 2138 418 2211 alleslus
441 2137 579 2225 animo,
605 2154 641 2209 ut
663 2141 760 2236 supra
782 2138 867 2229 dixi,
888 2166 938 2214 res
959 2168 1018 2239 ge·

56 2272 105 2319 ras
128 2275 266 2346 magnas
291 2248 358 2319 illas
379 2246 533 2343 quidem,
562 2263 597 2318 et
616 2247 762 2319 maxime
782 2248 898 2337 utiles,
920 2250 972 2322 sed
986 2268 1019 2324 et

57 2359 275 2430 vehementer
294 2358 408 2428 arduas
427 2409 437 2445 ,
457 2356 635 2452 plenasque
663 2356 819 2427 laborum
840 2375 872 2428 et
890 2359 1021 2454 pericu·

61 2467 170 2538 lorum
198 2488 271 2537 tum
295 2466 403 2551 virae,
423 2482 495 2536 tum
526 2464 702 2537 multarum
724 2466 859 2536 aliarum
881 2492 1018 2557 rerum,

59 2601 146 2671 quae
168 2580 210 2648 ad
237 2577 344 2649 vitam
370 2576 546 2673 pertinent.
584 2576 714 2647 Harum
743 2599 854 2650 retum
881 2578 1019 2651 duarum
1036 2592 1068 2656 ⁶7

58 2688 219 2785 splendor
239 2692 349 2764 omnis
367 2710 399 2766 et
422 2690 630 2786 amplitud0,
653 2688 741 2764 addo
766 2690 864 2763 etiam
893 2694 1023 2766 utilite·-

58 2822 150 2889 tem,
173 2802 208 2873 in
232 2802 418 2897 posteriore
442 2800 512 2885 est3
538 2799 630 2871 causa
650 2817 759 2878 autem
785 2818 818 2871 et
840 2800 927 2874 ratio
947 2806 1021 2876 effi-

59 2911 148 2983 ciens
167 2937 222 2983 ma
248 2938 307 2985 nos
325 2915 434 3003 viros,
458 2913 561 2986 estin
584 2911 706 3008 priore.
737 2910 772 2983 in
790 2938 833 2986 eo
858 2914 946 2987 enim
971 2913 1018 2989 est

59 3020 159 3107 illud,
185 2938 281 3118 quiid
305 3025 499 3096 excellentes
526 3023 678 3109 animos,
706 3040 739 3094 et
764 3023 907 3097 humana
932 3051 1018 3098 con-

59 3151 245 3205 temnentes
268 3134 357 3213 facit.
382 3137 418 3208 id
438 3157 544 3208 autem
570 3136 677 3233 ipsum
705 3136 850 3208 cernitur
871 3138 905 3208 in
929 3140 1020 3210 duo·

62 3245 137 3334 bus,
158 3245 181 3316 fi
197 3268 231 3320 et
248 3248 353 3321 solum
369 3249 426 3337 id,
445 3251 536 3347 quod
555 3247 730 3321 bonellum
749 3247 804 3334 stt,
822 3249 951 3320 bonum
969 3250 1021 3323 iu·

63 3355 169 3443 dices,
194 3377 227 3428 et
250 3360 344 3429 omni
370 3360 470 3431 enimi
492 3360 744 3457 perturbatione
762 3361 845 3432 liber
870 3355 919 3432 sts.
945 3386 1021 3434 nam

60 3482 94 3534 et
113 3488 172 3552 ea,
189 3490 275 3562 quae
294 3467 415 3538 eximia
436 3467 599 3564 plerisque
615 3485 648 3540 et
664 3468 829 3563 praeclara
850 3468 1022 3560 videntur,

60 3598 166 3669 parva
184 3574 328 3660 ducere,
351 3600 456 3670 eaque
479 3576 610 3647 ratione
627 3575 731 3647 stabili
753 3575 916 3676 firmaque
937 3604 1026 3651 cona

60 3702 229 3772 temnere,
248 3684 345 3758 sortis
370 3686 471 3758 animi
494 3687 673 3783 magnique
693 3689 884 3762 ducendum
901 3688 964 3776 est;
987 3712 1022 3766 et

60 3814 117 3875 ea,
140 3820 225 3891 quae
243 3796 407 3867 videntur
429 3796 565 3880 acerba,
590 3821 675 3892 quae
698 3797 801 3872 multa
825 3817 857 3870 et
878 3799 968 3871 varia
987 3800 1023 3871 in

60 3904 238 3976 bominum
259 3907 335 3979 vira
359 3905 561 4002 fortunaque
584 3905 775 3994 versantur,
794 3906 839 3979 ita
857 3907 963 4000 serre,
986 3928 1026 3983 ut

62 4016 142 4086 nibil
162 4043 180 4090 a
200 4016 285 4091 statu
311 4037 450 4092 naturae
470 4018 634 4103 discedas,
652 4018 736 4089 nihil
756 4043 774 4090 a
793 4019 950 4115 dignitate
973 4020 1027 4090 sa·

61 4130 198 4229 pientis,
218 4128 352 4205 robusti
371 4128 473 4202 animi
494 4129 564 4220 est,
582 4151 789 4229 magnaeque
814 4126 1026 4219 constantiae,
