2340 4628
340 611 774 687 PARADOXA.
986 641 1053 707 ²5¹

85 798 164 849 rare
191 770 354 861 maxime,
372 772 491 872 quibus
514 775 725 849 abundarent.
752 777 973 875 nequeenim
994 802 1055 850 ex-

89 884 205 985 pletur
232 912 401 986 unquam,
425 914 489 963 nec
512 887 642 961 satiatur
668 886 857 984 cupiditatis
882 889 969 975 srtis;
996 916 1058 965 ne·

75 1018 157 1102 ,que
185 992 294 1070 solum
307 1021 379 1084 „ea
401 996 461 1097 qui
483 997 602 1072 habent
619 1048 630 1087 ,
649 996 785 1081 libidine
811 1000 950 1096 augendi
977 1025 1055 1073 cru·

89 1102 243 1196 ciantur,
264 1104 320 1179 sed
335 1105 437 1180 etiam
452 1106 626 1181 amittendi
642 1126 742 1181 metu.
765 1106 883 1205 inquo
901 1108 1056 1206 equidem
1147 1124 1158 1151 ⁸

90 1212 453 1290 continentissimorum
466 1217 660 1305 hominurn,
674 1217 839 1291 maiomam
854 1214 1058 1305 nostrorum,

90 1324 192 1426 saepe
223 1331 361 1428 requiro
388 1329 622 1428 prudentiam,
644 1330 704 1428 qui
728 1330 809 1404 haec
833 1328 999 1403 imbecilla
1026 1348 1060 1401 et

92 1439 345 1515 commutabilia
367 1440 526 1537 pecuniae
548 1440 719 1530 membra,
736 1439 844 1511 verbo
866 1438 977 1511 Boua
995 1463 1059 1533 pu·
1120 1474 1124 1479 ·

93 1562 252 1623 taverunt
271 1551 487 1648 appellanda,
511 1577 587 1629 cum
608 1579 645 1626 re
668 1577 707 1627 ac
732 1551 824 1627 factis
844 1551 944 1647 longe
967 1548 1063 1625 alites

91 1653 337 1730 iudicavissent.
362 1658 515 1733 Potestne
530 1660 658 1733 bonum
679 1660 833 1758 cuiquam
856 1658 945 1731 malo
960 1657 1058 1733 ellel

92 1786 151 1841 aut
165 1766 276 1865 potest
286 1771 460 1869 quisquam
472 1772 508 1844 in
521 1770 717 1846 abundantia
732 1772 901 1844 bonomm
911 1769 981 1865 ipse
993 1768 1059 1842 effe
1143 1806 1159 1849 ·.

92 1902 166 1949 non
178 1877 309 1953 bonus?
324 1882 427 1979 Atqui
438 1881 496 1956 illa
509 1884 623 1957 omnia
638 1884 714 1957 talia
727 1882 897 1970 videmus,
911 1899 946 1954 ut
959 1882 1058 1955 etiam

92 1982 244 2081 improbi
259 1985 400 2062 habeant
408 2044 422 2080 ,
434 2008 467 2065 et
479 1991 587 2066 obsint
599 1991 725 2089 probis.
738 1990 969 2084 Quamobrem
982 1989 1060 2063 licet

93 2093 251 2186 irrideat,
264 2096 289 2168 st
302 2097 377 2196 quis
390 2101 484 2186 vulr;
498 2101 572 2199 plus
585 2102 673 2200 apud
688 2125 742 2173 me
756 2123 866 2174 tamen
882 2122 961 2173 veta
972 2097 1059 2173 ratio

93 2207 241 2293 valebit,
264 2234 363 2304 quam
392 2210 485 2308 vulgi
518 2212 648 2308 opinio.
684 2234 791 2307 neque
822 2234 887 2306 ego
913 2226 1058 2305 unquam

94 2317 189 2389 bona
209 2317 383 2414 perdidisse
405 2319 534 2410 dicam,
552 2321 575 2391 sr
593 2318 649 2417 qui
670 2345 788 2414 pecus,
803 2337 857 2389 aut
880 2317 1060 2413 supelledli·

94 2427 163 2500 lem
177 2427 338 2514 amiserit,
356 2454 464 2528 neque
479 2455 548 2503 non
561 2432 655 2526 saepe
676 2429 817 2501 laudabo
831 2420 1008 2522 sapientem
1022 2427 1061 2500 il·

95 2539 193 2629 lum,
216 2538 387 2628 Biantem,
411 2561 448 2616 ut
472 2541 618 2636 opinor,
642 2538 700 2638 qui
720 2555 909 2611 numeratur
932 2537 968 2625 in
988 2538 1060 2631 sep·

96 2666 166 2721 tem
195 2651 329 2725 :cuius
346 2678 423 2725 cum
448 2653 588 2755 patriam
613 2651 753 2725 Prienen
781 2641 915 2749 cepisset
940 2646 1064 2733 hostis,

97 2760 268 2857 ceterique
282 2761 325 2833 ita
339 2764 511 2860 sugerent,
527 2782 563 2835 ut
581 2762 685 2836 multa
701 2761 743 2834 de
763 2758 826 2832 suis
839 2758 935 2831 rebus
951 2755 1060 2831 secum

96 2870 323 2965 asportaren13
336 2899 411 2945 cum
422 2873 503 2947 esset
514 2873 703 2947 admonitus
710 2897 734 2944 a
746 2870 906 2970 quodam,
919 2887 956 2941 ut
968 2867 1060 2943 idem

95 2981 167 3079 ipse
177 2980 321 3057 faceret:
339 2989 411 3081 Ego
426 3014 512 3075 vcro,
525 2984 650 3083 inquit,
664 2985 765 3076 facio.
781 3010 858 3054 nam
869 2985 979 3053 omnia
992 3008 1061 3052 mea

89 3120 188 3189 porto
203 3123 330 3169 nucum.
348 3095 403 3168 llle
423 3096 504 3170 haec
523 3095 662 3172 ludibria
674 3095 848 3184 fortunae,
862 3117 904 3164 ne
917 3093 971 3165 sua
983 3090 1062 3186 qui-

96 3200 177 3275 dem
192 3202 340 3298 putavit,
352 3230 436 3300 quae
448 3230 511 3278 nos
524 3205 722 3304 appellamus
735 3203 833 3277 etiam
849 3202 949 3273 bona.
966 3197 1061 3291 Quid

96 3313 147 3387 est
159 3314 276 3411 igitur,
291 3330 425 3411 quaeret
436 3314 565 3412 aliquis,
581 3313 734 3387 bonum?
760 3308 880 3402 fiquid
896 3309 983 3381 reste
1003 3305 1062 3397 lit,

97 3449 133 3498 et
158 3420 312 3511 honeste,
328 3439 361 3496 et
384 3447 461 3497 cum
482 3424 626 3510 virtute,
641 3419 677 3493 id
696 3421 782 3494 bene
798 3416 895 3506 fieri,
914 3439 995 3490 vere
1008 3415 1064 3489 di·

96 3534 209 3615 citur;
222 3549 274 3617 et,
289 3534 382 3629 quod
395 3535 592 3623 redum,et
604 3527 801 3614 honestum,
813 3543 847 3598 et
864 3549 943 3600 cum
956 3522 1065 3600 virtu-

95 3672 133 3725 te
146 3646 194 3720 est
206 3701 218 3737 ,
232 3649 267 3719 id
281 3647 386 3721 solum
402 3646 528 3743 opinor
541 3647 683 3718 Bonum.
698 3642 762 3714 Sed
774 3641 854 3716 haec
866 3639 973 3717 videri
986 3648 1058 3743 pos-
1082 3673 1104 3724 2

89 3761 176 3835 'sunt
187 3755 399 3840 obscuriora,
412 3781 489 3828 cum
507 3754 626 3827 lentius
646 3752 860 3855 disputantur.
879 3754 950 3830 vita
963 3773 1062 3855 atque

94 3867 194 3942 factis
208 3865 393 3939 illustranda
407 3865 479 3938 suru
491 3864 696 3936 summotum
709 3865 861 3939 virorum
874 3864 966 3954 haec,
976 3893 1063 3965 quae

94 3978 215 4083 verbis
234 3974 401 4063 subtilius,
421 4000 522 4072 quam
546 3972 617 4048 satis
636 3972 703 4064 est,
724 3973 876 4072 disputari
898 3976 1064 4049 videntur.

93 4093 243 4187 Quaero
257 4091 345 4166 enim
358 4116 378 4167 a
390 4089 511 4182 vobis,
524 4113 606 4163 nunt
626 4088 726 4165 ullam
745 4087 982 4188 cogitationem
1002 4088 1064 4162 ha·
