2340 4628
146 672 214 741 12,
407 646 898 723 neorarcrrs

140 806 347 905 quiaesliones
363 832 481 883 omnes
500 834 581 899 eae,
593 809 630 882 in
646 811 767 909 quibus
785 836 830 885 ex
845 828 1006 909 tempore
1027 807 1102 881 offi-

100 949 124 1019 7
144 920 235 993 cium
250 921 445 1018 exquiritur.
472 919 645 993 Eiusmodi
661 920 761 1018 igitur
782 922 887 995 credo
907 944 964 994 res
989 922 1104 993 Panae·

92 1058 124 1112 sa
142 1030 226 1104 tium
243 1032 490 1128 persecuturum
508 1029 623 1119 fuisse,
637 1031 695 1103 uifi
714 1031 815 1130 aliqui
839 1030 933 1105 casus
943 1083 956 1120 ,
966 1052 1027 1103 aut
1042 1052 1102 1101 oc·

141 1141 278 1237 cupario
290 1140 462 1215 consilium
476 1140 547 1213 eius
559 1139 813 1233 peremissettad
829 1140 913 1239 qual
924 1138 1014 1237 ipsas
1023 1160 1101 1211 eon·

143 1248 619 1349 scdntionesexsuperioribus
627 1251 718 1323 libris
728 1250 801 1323 satis
812 1248 917 1323 melta
928 1264 1102 1347 praecepte

145 1360 218 1433 sunt
230 1414 241 1450 ,
254 1362 375 1460 mribus
398 1361 536 1460 perspici
556 1362 672 1458 possit,
688 1360 769 1461 quid
782 1359 820 1435 sit
843 1380 989 1458 propter
999 1356 1102 1457 turpi·

144 1470 294 1544 tudinem
303 1470 514 1568 sugiendum;
527 1470 606 1567 quid
616 1471 654 1542 fit
669 1472 717 1560 id,
726 1468 820 1569 quod
832 1468 962 1543 idcirco
975 1466 1106 1567 fitgien·

145 1579 225 1652 dum
240 1605 310 1653 non
325 1582 383 1665 fit,
396 1582 475 1678 quia
492 1582 636 1652 omnino
657 1597 755 1676 turpe
772 1602 841 1651 nou
859 1577 909 1651 bt.
932 1577 1000 1650 Sed
1018 1598 1103 1676 quo·

145 1688 235 1761 uiam
250 1689 348 1785 operi
368 1691 548 1778 inchoato;
565 1708 599 1761 et
623 1713 731 1786 prope
753 1689 819 1760 iam
842 1685 1105 1777 absoluto,tan·

145 1822 247 1894 quam
262 1797 424 1896 fastigium
438 1796 658 1896 imponimus;
667 1816 704 1871 ut
715 1817 904 1897 geometrae
916 1795 1029 1871 solent
1039 1818 1106 1869 non

144 1907 260 1979 omnia
278 1907 423 1995 docere,
437 1910 492 1985 sed
507 1910 688 2007 postulare,
701 1927 739 1982 ut
759 1907 925 2006 quaedam
948 1904 1009 1981 sibi
1024 1928 1107 1981 cou-

145 2014 327 2106 cedantur,
349 2043 421 2116 quo
447 2018 593 2107 sanlius,
616 2012 709 2117 quae¹
725 2010 1108 2110 velint‚explieeut:sie

148 2148 215 2220 ego
237 2143 312 2215 ate
333 2127 486 2224 postulo,
500 2130 547 2203 mi
574 2130 715 2217 Cicero,
729 2144 765 2199 ut
783 2125 866 2197 mihi
887 2120 1109 2215 concedas,fi

147 2252 265 2331 potes,
278 2236 358 2309 nihil
371 2290 382 2325 ‚
396 2261 527 2335 praeter
540 2242 597 2332 id,
612 2239 705 2338 quod
720 2237 892 2310 honesturn
904 2235 965 2326 fit,
975 2254 1111 2335 propter

148 2344 182 2418 se
203 2343 268 2418 effe
291 2351 527 2445 expetendum.
548 2350 596 2423 sin
619 2353 686 2426 hoc
709 2372 778 2421 non
807 2348 885 2420 licet
905 2371 967 2444 per
980 2345 1110 2447 Cratip-

148 2477 253 2550 pum;
267 2472 300 2527 at
313 2456 397 2530 illud
409 2470 496 2533 certe
508 2462 616 2552 dabis,
627 2461 720 2560 quod
737 2456 913 2531 honestum
929 2456 987 2541 su,
1002 2455 1038 2529 id
1051 2454 1111 2530 elle

149 2562 294 2636 maxime
312 2587 451 2662 propter
472 2567 505 2640 se
525 2570 756 2666 expetendum.
775 2564 860 2638 Mihi
879 2564 1049 2638 utrumvis
1067 2564 1112 2638 sa·

149 2669 192 2741 tis
201 2670 264 2756 esl;
278 2691 397 2747 etcum
409 2677 489 2765 boc,
501 2697 574 2751 tum
586 2677 665 2750 illud
678 2675 881 2774 probabilius
894 2672 1042 2765 videtin,
1053 2698 1111 2747 nec

99 2805 131 2858 se
149 2802 318 2874 praeterea
331 2783 514 2880 quidquam
529 2787 710 2884 probabile.
720 2789 769 2859 Ac
781 2783 928 2881 primum
942 2784 1111 2857 Panaetius

147 2885 184 2982 in
213 2888 280 2963 hoc
304 2890 531 2966 defendendus
548 2894 614 2979 est,
629 2896 724 2994 quod
747 2916 820 2967 non
836 2890 931 2964 utilia
949 2916 1030 2965 cum
1051 2894 1111 2965 ho·

147 2995 244 3071 neslis
257 3024 402 3097 pugnare
419 3000 597 3099 aliquando
612 3005 706 3103 posse
719 3004 856 3087 dixerim
870 2999 1007 3100 (neque
1025 3004 1110 3075 enim

147 3106 181 3182 ei
201 3107 250 3183 sas
270 3107 388 3208 eram)
416 3110 471 3185 sed
489 3136 550 3203 ea,
568 3139 653 3214 quae
674 3115 866 3190 viderentur
888 3109 995 3184 utilia.
1024 3108 1112 3185 Nihil

148 3242 235 3296 vero
254 3221 363 3310 utile,
380 3224 474 3321 quod
497 3250 568 3297 non
600 3225 689 3299 idem
712 3221 887 3297 honesbrm
907 3245 920 3307 3
938 3218 1024 3292 nibil
1051 3220 1112 3294 ho·

149 3333 302 3423 ueslum,
320 3337 418 3433 quod
444 3363 514 3411 non
540 3338 629 3411 idem
656 3335 739 3411 utile
764 3334 821 3423 sit,
847 3332 942 3429 saepe
957 3330 1112 3406 testatur:

148 3447 453 3542 negatque‚ullam
480 3446 604 3545 pellem
629 3445 792 3519 maiorem
814 3440 976 3513 invitam
1003 3436 1112 3514 bomi-

150 3576 230 3623 num
250 3553 419 3654 invasisse,
432 3584 530 3656 quam
549 3583 668 3631 eorum
686 3552 883 3653 opinionem
895 3606 906 3642 ,
919 3552 980 3652 qui
991 3551 1053 3626 isia
1065 3549 1114 3625 di·

148 3659 331 3735 slraxerint.
365 3669 477 3762 ltaque
496 3691 564 3740 non
585 3688 623 3741 ut
635 3664 816 3765 aliquando
837 3679 1115 3759 anteponeremus

149 3770 240 3843 utilia
257 3771 421 3859 honestis,
434 3774 488 3848 sed
507 3796 544 3851 ut
563 3800 601 3851 ea
622 3775 689 3848 sine
703 3796 820 3847 errore
833 3770 1116 3859 diiudicaremus,

149 3876 330 3977 siquando
351 3882 557 3972 incidissent,
571 3885 702 3959 induxit
728 3905 922 3978 eam‚quae
944 3880 1118 3954 videretur

148 3989 235 4082 esse,
247 4016 317 4065 non
331 4018 416 4092 quae
429 3997 524 4086 esset,
539 3997 802 4098 repugnantiam.
814 3994 912 4066 Hanc
925 3994 1033 4097 igitur
1045 4016 1119 4093 par·

149 4118 220 4177 tem
239 4102 383 4179 relidam
405 4107 640 4208 explebimus,
665 4108 783 4183 nullius
806 4105 1043 4201 adminiculis,
1065 4103 1119 4182 sed
