2340 4628
164 635 233 713 166
413 634 617 709 ceto
664 634 919 711 Meton

232 795 1037 891 luerir,taudnagnacumn‚s=dptmnfidd.

158 906 481 1003 Quamqnamcettn
496 901 1003 995 fcio,non,utFltmininnm,

165 1004 175 1025 ‘
232 1016 466 1103 Soldcitariu,
482 1013 800 1114 Tiu,ficane'letqna
815 1014 955 1108 desque.

159 1123 244 1199 novi
265 1124 354 1198 enim
370 1122 638 1201 moderationem
650 1122 753 1196 animi
767 1121 841 1210 tui,
852 1142 889 1197 et
898 1120 1115 1223 aeqrn'mtemt

160 1254 261 1334 teque
278 1259 349 1308 non
368 1258 557 1336 cognomen
574 1233 680 1306 solum
692 1232 830 1304 Athenis
845 1230 1114 1329 deportatum
1158 1238 1160 1257 '

162 1347 402 1421 humanitatem
424 1366 458 1419 et
480 1343 691 1445 prudentiam
709 1343 869 1443 intelligo.
892 1364 929 1418 et
945 1366 1058 1419 tamen
1070 1343 1115 1417 hr-
1158 1340 1160 1347 ’

160 1452 293 1552 spicer,
308 1455 423 1527 iisdem
437 1453 537 1527 rebus
551 1473 607 1541 te,
622 1449 744 1552 quibus
754 1453 917 1551 meipsum
930 1508 944 1545 ,
955 1455 1115 1531 interduo

160 1566 294 1665 gravius
315 1565 550 1646 commoverir
579 1587 719 1661 quarum
744 1561 932 1640 consolatio
959 1587 996 1639 et
1016 1565 1116 1637 maior

160 1673 232 1760 etl,
246 1691 279 1746 et
293 1674 328 1745 in
340 1672 429 1744 aliud
442 1689 573 1768 tempus
585 1668 777 1743 differenda.
801 1670 903 1743 Nunc
915 1693 1029 1747 autem
1042 1673 1114 1748 mihi

125 1815 142 1855 ι
161 1782 269 1857 visum
282 1781 330 1853 est
343 1782 384 1853 de
396 1782 570 1853 seneuute
577 1778 701 1877 ahquid
712 1778 755 1852 ad
767 1798 802 1852 te
813 1777 1035 1855 conscribere.
1046 1781 1116 1853 lloc

161 1888 253 1963 enim
275 1914 402 1981 onere,
422 1890 516 1986 quod
539 1888 623 1961 mihi
643 1905 756 1963 tecum
776 1906 964 1960 commune
978 1884 1048 1980 et,
1065 1907 1115 1961 aut

163 1999 229 2073 iam
247 2002 412 2099 urgentis,
425 2020 481 2075 aut
499 2020 589 2077 certe
602 1998 808 2076 adventantis
825 1996 1117 2088 teneamur,

162 2129 196 2187 et
218 2112 379 2209 meipsum
403 2112 508 2187 levati
523 2113 631 2188 volo:
659 2112 717 2187 etfi
730 2109 913 2210 tequidem
935 2111 973 2185 id
988 2113 1115 2189 modice

161 2242 201 2294 ac
224 2220 385 2317 sapienter
402 2220 507 2321 (ficut
527 2221 666 2315 omnia)
680 2245 714 2294 et
727 2219 834 2305 serre,
848 2238 883 2293 et
897 2219 1044 2294 laturum
1060 2219 1117 2294 effe

161 2348 257 2404 certo
282 2329 362 2405 scio.
386 2333 450 2406 Sed
471 2332 575 2423 mihi,
588 2359 664 2407 cum
679 2333 721 2406 de
734 2330 897 2406 lenestme
908 2329 1039 2428 aliquid
1050 2328 1119 2403 vel·

161 2441 229 2515 lem
246 2440 410 2529 scribere,
424 2462 459 2516 tu
472 2444 671 2518 occurrebas
687 2441 803 2543 dignus
821 2464 865 2514 eo
880 2463 1042 2531 munere,
1053 2461 1119 2539 quo

162 2572 301 2654 uterque
327 2553 476 2629 nollrum
503 2553 728 2630 communiter
750 2568 909 2625 uteretur.
939 2547 1028 2621 Mihi
1049 2547 1120 2648 qui·

162 2664 240 2739 dem
260 2664 306 2736 ita
324 2663 469 2739 iucunda
488 2666 586 2739 huius
606 2665 683 2737 libri
704 2661 872 2743 confedio
896 2660 980 2752 suit,
998 2680 1036 2735 ut
1053 2684 1122 2734 non

162 2775 269 2849 modo
289 2798 406 2848 omnes
423 2773 605 2848 absterserit
617 2774 788 2848 senedutis
801 2771 988 2862 molestias,
1002 2771 1060 2847 sed
1070 2770 1123 2845 et'·

161 2879 277 2954 fecerit
291 2881 425 2954 mollem
440 2882 538 2955 etiam
557 2900 592 2956 et
610 2883 787 2956 iucundam
806 2883 1019 2959 semilutem.
1042 2904 1126 2955 nun·

162 3014 262 3091 quam
277 2988 378 3091 igitur
395 2990 468 3065 satis
481 2983 605 3065 laudari
626 2992 722 3094 digne
744 2986 870 3089 poterit
889 2990 1125 3091 philosophia,

80 3118 83 3125 '
161 3102 216 3178 cui
237 3101 295 3203 qui
316 3126 454 3200 pareat,
475 3125 577 3176 omne
598 3120 729 3199 tempus
751 3102 866 3176 aetatis
886 3100 953 3177 fine
976 3098 1127 3178 molestia

53 3222 57 3231 '
126 3243 142 3301 ς
163 3215 262 3317 poffit
286 3217 414 3315 degere.
449 3215 514 3290 Sed
534 3215 717 3307 deceteris
737 3231 771 3289 et
787 3214 932 3289 diximus
950 3213 1071 3305 multa,
1089 3230 1126 3288 et

162 3327 258 3426 saepe
280 3329 449 3403 dicemus:
471 3326 561 3400 hunc
574 3326 696 3400 librum
717 3329 759 3401 de
779 3326 944 3401 senectute
955 3326 997 3400 ad
1010 3343 1045 3398 te
1061 3322 1131 3399 mi·.

162 3436 272 3514 sunus.
303 3440 450 3515 Omnem
469 3457 579 3511 autem
594 3437 783 3512 sermonem
793 3434 970 3509 tribuimus
983 3432 1129 3507 non'l‘t·

160 3544 291 3631 thono,
304 3563 339 3617 ut
352 3544 463 3618 Aristo
483 3544 605 3629 Chius,
621 3568 664 3615 ne
685 3567 802 3640 parum
821 3538 901 3612 ellet
920 3537 1128 3613 auctoritatis

163 3649 199 3723 in
213 3651 320 3727 sabula
333 3678 344 3735 ;
359 3653 413 3725 sed
428 3658 476 3726 Μ.
490 3652 615 3729 Catoni
633 3653 727 3743 seni,
743 3673 814 3748 quo
827 3646 992 3723 maloram
1004 3647 1126 3724 audo-r

161 3755 291 3831 ritatem
306 3759 440 3834 haberet
452 3764 562 3838 oratio
575 3788 585 3834 ε
598 3763 687 3861 apud
709 3786 829 3860 quem,
843 3757 993 3831 laelium
1004 3778 1040 3832 et
1053 3756 1127 3832 Sci·

159 3862 298 3961 pionem
318 3863 456 3941 facimus
480 3872 700 3963 admirantes,
720 3870 815 3971 quod
827 3868 856 3943 it
869 3890 938 3943 tam
956 3867 1057 3945 tacite
1071 3866 1126 3943 se·

161 3973 324 4046 netlutem
339 3972 433 4065 fetat,
447 3976 553 4075 inque
566 4003 645 4054 eum
662 3978 932 4077 respondentem.
945 3978 1004 4078 qri
1015 3977 1042 4050 fi
1053 4001 1137 4053 etur

161 4080 261 4161 ditius
278 4082 445 4162 videbitur
469 4087 657 4187 disputate,
676 4112 779 4188 quam
800 4086 976 4168 constetit
992 4086 1066 4190 ipse
1082 4086 1120 4163 in
