2340 4628
170 700 238 801 19tt
413 662 614 777 otro
661 700 910 781 unrou

163 864 258 962 saepe
272 864 386 937 locum
404 862 568 959 prosedas
588 862 684 937 alacri
703 860 817 935 animo
837 878 871 935 et
885 862 1026 953 unedo,
1045 862 1129 937 unde

164 970 196 1045 se
208 997 376 1073 nunquam
390 972 548 1059 redituras
558 970 802 1053 arbitrarentur.
816 972 925 1065 Quod
934 972 1038 1071 igitur
1050 974 1127 1047 ado·

104 1168 107 1173 q
163 1082 342 1169 lescentes,
354 1102 388 1156 et
400 1084 424 1155 ii
439 1082 574 1180 quidem
587 1108 656 1157 non
668 1081 774 1165 solum
788 1080 940 1170 indocti,
955 1084 1013 1157 sed
1031 1084 1126 1157 etiam

115 1215 150 1296 26
165 1192 275 1267 rustici
286 1208 523 1274 contemnunt,
536 1191 571 1262 id
584 1190 675 1269 dosii
686 1190 776 1263 senes
787 1193 1005 1267 extimescent
1017 1194 1033 1267 l
1044 1200 1126 1269 Om-

166 1304 249 1375 nino
262 1300 326 1407 (ut
339 1301 421 1375 milti
434 1301 569 1396 quidem
593 1302 746 1395 videtur)
768 1300 956 1375 studiorum
978 1304 1126 1377 omnitun

167 1413 316 1501 satietas,
331 1413 418 1485 vitae
437 1410 515 1483 sacit
535 1410 726 1491 satietatem.
752 1416 834 1487 sum
856 1413 1021 1509 pruritiae
1042 1434 1125 1489 certa

168 1522 285 1609 studia,
306 1548 386 1596 num
407 1520 506 1619 igitur
520 1549 559 1597 ea
573 1522 755 1595 desiderant
774 1521 1033 1599 adolescentes?
1056 1520 1124 1597 sunt

166 1654 199 1717 et
211 1634 355 1713 ineuntis
366 1633 613 1707 adolescentiae.
630 1658 710 1705 num
726 1636 842 1707 caiam
857 1634 1012 1715 constans
1025 1636 1125 1735 requi·

166 1740 209 1812 rit
224 1758 330 1828 aetas„
344 1737 793 1837 quaemediadiciturlsunt
806 1739 1022 1815 emmunim
1038 1761 1122 1813 aeta-

166 1846 218 1925 tie.
232 1878 273 1924 ne
286 1877 324 1925 ea
336 1851 471 1948 quidem
485 1870 684 1949 quaeruntur
697 1876 715 1922 a
728 1850 904 1927 senestute.
925 1850 1124 1925 sunt'extre-

166 1986 221 2035 ma
237 1962 395 2060 qtuedam
410 1960 515 2037 studia
540 1963 719 2037 seneslutis.
751 1984 852 2061 ergo,
863 1980 902 2089 up
922 1958 1125 2061 superiorum

167 2094 307 2149 aetatum
321 2072 424 2147 studia
437 2075 614 2160 occidunt,
629 2076 672 2147 src
686 2074 845 2147 occidunt
857 2074 960 2147 etiam
979 2072 1125 2157 senedlu·

167 2187 218 2261 tis.
218 2186 326 2282 quod
340 2212 414 2257 cum
426 2186 555 2272 evenit,
571 2185 697 2258 satietas
716 2185 805 2259 vitae
818 2203 950 2279 tempus
963 2200 1124 2261 maturum

104 2318 144 2381 ιι
168 2295 287 2371 mortis
309 2293 415 2379 affert.
448 2295 611 2392 Equidem
633 2318 703 2367 non
723 2293 843 2377 video,
858 2317 939 2381 cur,
956 2295 1040 2395 quid
1062 2294 1123 2393 ipse

117 2436 149 2485 aa
170 2406 302 2478 sentiam
323 2407 365 2479 de
388 2429 514 2490 morte,
534 2430 602 2479 non
623 2404 760 2476 audeam
776 2403 876 2475 vobis
890 2404 1023 2489 dicere;
1039 2404 1125 2504 quod

167 2538 211 2595 eo
224 2513 338 2589 melius
349 2514 430 2589 milti
443 2538 576 2589 cernere
590 2514 729 2600 videor,
739 2538 810 2611 quo
821 2513 862 2584 ab
874 2538 913 2585 ea
925 2514 1067 2612 propius
1078 2514 1125 2586 atr

166 2626 246 2699 sum.
262 2630 334 2723 Ego
347 2624 474 2699 vestros
489 2648 616 2720 patres,
631 2626 665 2694 P.
678 2624 812 2720 Scipio,
826 2642 949 2720 tuque,
967 2623 1009 2696 C.
1023 2622 1124 2713 laeli,

167 2735 261 2808 vitos
277 2735 490 2819 maritumos,
508 2733 657 2830 mihique
671 2731 900 2819 amiciffimos,
912 2733 1035 2806 vivere
1045 2731 1126 2805 arbi-

166 2857 260 2925 tr0r3
274 2859 307 2913 et
319 2867 393 2913 eam
407 2842 542 2938 quidem
557 2841 679 2923 vitam,
695 2863 779 2936 quae
792 2837 839 2909 etl
853 2837 922 2910 sola
936 2840 1005 2913 vita
1019 2839 1125 2912 nomi·

167 2952 283 3035 nanda.
304 2952 504 3040 Nam,dum
523 2950 638 3027 sumus,
651 2950 684 3020 in
703 2951 754 3024 luis
774 2949 888 3023 inclusa
910 2952 1125 3050 compagibus

167 3063 322 3159 corporis
331 3086 489 3153 ¹munere
504 3062 652 3158 quodam
669 3060 881 3145 necessitatis,
895 3082 928 3134 et
942 3063 1037 3159 gravi
1051 3084 1125 3159 ope·

167 3196 204 3245 re
216 3172 453 3271 perfungimur.
470 3170 518 3244 est
535 3172 625 3244 enim
646 3171 773 3251 animus
788 3167 940 3243 ‘coelestis
953 3194 996 3243 ex
1014 3168 1124 3245 astilli-

166 3310 226 3358 mo
250 3284 426 3360 domicilio
448 3282 634 3381 depressus,
648 3301 681 3354 ct
705 3281 794 3378 quast
814 3278 986 3357 demersus
1005 3281 1041 3354 in
1061 3306 1125 3357 ter-

166 3418 257 3483 ram,
269 3396 382 3469 locum
402 3393 536 3468 divinae
556 3412 706 3480 neutrae,
721 3390 974 3490 aeternitatique
994 3413 1124 3473 contra·

167 3508 267 3581 rium.
286 3508 352 3581 Sed
372 3508 495 3592 credo,
511 3504 593 3577 deoc
608 3502 814 3576 immortales
831 3502 979 3599 sparfilse
1000 3505 1126 3577 animos

168 3610 203 3684 in
218 3637 361 3706 corpora
375 3616 534 3699 humana,
549 3630 586 3684 ιιι
602 3610 722 3697 essent,
734 3613 793 3709 qui
815 3630 917 3685 terras
937 3632 1128 3701 tuerentur,

168 3721 292 3817 'quique
304 3721 496 3795 coelestium
510 3722 661 3795 ordinem
674 3722 935 3819 contemplantes
945 3779 957 3816 ‚
967 3724 1127 3798 imitaren-

168 3846 321 3903 turcum
344 3831 431 3905 vitae
452 3835 559 3906 modo
582 3852 679 3933 atque
701 3831 890 3909 coustantia.
915 3860 978 3910 nec
1002 3862 1059 3912 me
1076 3835 1126 3909 so·

51 4010 54 4015 .
169 3936 237 4011 lum
254 3940 339 4012 ratio
353 3964 391 4018 ac
404 3940 581 4038 disputatio
594 3942 744 4039 impulit,
758 3960 795 4012 ut
808 3941 852 4013 ita
867 3946 1063 4034 crederem
1077 3944 1128 4020 sed

169 4044 324 4121 nobilitas
344 4045 443 4122 etiam
460 4048 667 4122 summorum
681 4045 989 4149 philosophorum,¹
1002 4076 1039 4129 et
1056 4074 1128 4129 auc·

169 4156 297 4228 toritas.
