2340 4628
255 376 337 452 DE
374 373 765 454 SENECTUTE.
941 387 1009 481 169

31 540 127 617 derati
148 539 323 632 enim,et
349 566 412 615 nec
430 541 599 632 difficiles,
622 566 683 617 nec
705 540 875 615 inhumani
889 542 1008 629 senes,

34 654 247 727 tolerabilem
267 670 366 751 agunt
380 651 590 728 seneilutem.
603 650 836 750 importunitas
849 670 960 726 autem
972 674 1006 725 et

36 757 261 834 inhumanitas
283 763 378 833 omni
400 761 498 835 aetati
519 761 653 835 molesta
675 758 732 833 est.
760 765 844 835 aaut.
871 759 946 844 Esl,
969 780 1038 841 uta

39 866 258 962 ‹licia‚·Cato.
279 870 335 943 sed
345 869 479 945 fomite
494 871 613 944 dixerit
624 870 799 969 quispiam,
814 870 887 959 tibi,
901 894 1006 967 prop·

40 992 85 1049 ter
99 1001 188 1076 opes
212 997 248 1052 et
272 981 388 1078 copias
410 1001 445 1053 et
460 982 652 1079 dignitatem
673 1004 763 1054 tuam
778 1033 788 1069 ,
802 979 1006 1053 tolerabilio-

42 1110 108 1159 tern
132 1087 335 1162 senectutem
349 1091 482 1173 videri,
501 1093 536 1164 id
559 1110 667 1165 autem
691 1116 762 1163 non
783 1088 875 1187 posse
897 1087 1007 1160 multis

43 1196 250 1299 contingere.
275 1201 365 1271 Cato.
382 1198 438 1270 Est
454 1199 535 1272 illuc
556 1200 706 1298 quidem,
727 1194 835 1285 laeli,
857 1195 1006 1293 aliquid3

43 1299 96 1373 sed
115 1327 328 1403 nequaquam
355 1306 388 1376 in
414 1305 477 1379 isto
501 1309 575 1380 sunt
595 1309 735 1379 omnia·
747 1326 796 1380 ut
814 1301 1007 1378 Themilla-

45 1410 108 1483 cles
134 1411 241 1487 fertur
267 1414 422 1512 Seriphio
443 1415 604 1489 cuidam
595 1441 629 1487 m
649 1415 761 1513 iurgio
781 1412 1005 1541 respondisse,

45 1523 192 1597 camille
214 1523 367 1615 dixisset,
386 1550 457 1599 non
484 1552 560 1600 eum
585 1527 660 1614 sua,
683 1528 738 1601 sed
758 1524 1005 1625 patriaegloria

45 1629 253 1726 splendorem
272 1632 474 1707 assecutum:
466 1639 565 1711 ·Nec
579 1638 711 1711 hercule
721 1636 881 1734 ,inquit,
894 1635 918 1706 st
940 1660 1064 1775 ego

45 1738 215 1836 Seriphius
224 1739 343 1826 eslcm,
357 1742 495 1829 nobilis;
511 1767 572 1817 nec
586 1763 641 1832 tu,
652 1746 676 1817 sr
692 1744 896 1818 Atheniensis
912 1722 1064 1836 effes,'

45 1847 153 1921 clarus
166 1872 313 1946 unquam
326 1850 444 1926 suilies.
460 1855 553 1952 quod
565 1855 684 1927 eodem
695 1856 800 1926 modo
814 1852 1007 1926 deseneslu·

45 1976 78 2030 te
92 1956 203 2055 potest
220 1959 296 2034 dici.
311 1986 419 2061 neque
432 1963 566 2036 enimin
582 1964 708 2035 summa
719 1963 833 2060 inopia
843 1958 1005 2034 nonlevis

47 2066 110 2141 esse
121 2067 269 2142 senectus
278 2071 396 2166 potest,
408 2098 449 2145 ne
458 2072 594 2169 sapienti
607 2073 743 2169 quidem
751 2100 761 2157 3
775 2071 1005 2168 necinfipienti

46 2176 144 2249 etiam
169 2177 207 2253 in
226 2175 351 2252 summa
372 2181 469 2278 copia
492 2204 560 2252 non
588 2181 708 2278 gravis.
735 2181 903 2277 Aprislima
930 2206 1038 2262 οτι-9

47 2287 127 2360 nino
150 2288 247 2375 sunt,
270 2290 383 2388 Scipio
396 2315 436 2382 ¹et
458 2292 569 2380 Laeli,
584 2319 672 2364 arma
695 2293 885 2388 senellutia,
899 2310 1007 2380 artes,

49 2399 361 2500 exercitationesque
372 2403 551 2488 virtutum,
565 2431 648 2504 quae
666 2406 700 2477 in
714 2407 807 2478 omni
823 2423 925 2479 aetate
939 2406 1005 2478 cu!-

49 2523 111 2598 tae,
127 2535 206 2583 cum
222 2512 366 2587 multum
385 2516 509 2613 diuque
529 2520 674 2606 vixeriS,
688 2514 847 2589 mirificos
864 2514 1007 2590 efferunt

51 2615 185 2707 ίιιιᾶιις,
205 2646 273 2693 non
297 2624 402 2696 solum
426 2626 503 2724 quia
525 2652 694 2726 nunquam
716 2626 892 2716 deserunt,
915 2651 956 2697 ne
971 2626 1006 2697 iu

51 2751 196 2807 extremo
207 2733 342 2830 quidem
352 2752 502 2834 tempore
513 2738 643 2827 aetatis,
658 2736 873 2836 (quamquam
888 2737 922 2806 id
938 2761 1005 2806 rna-

52 2839 176 2913 timum
199 2843 282 2935 eth>
299 2848 528 2919 verumetiam
547 2848 623 2945 quia
646 2846 844 2918 conscientia
859 2846 942 2916 bene
954 2871 1008 2915 ac·

54 2951 227 3041 navitae,
253 2957 498 3050 multorumque
522 2951 766 3025 benefadlorum
791 2950 1006 3033 recordatio,

10 3102 12 3107 -
56 3051 279 3132 iucundislima
294 3061 347 3131 eli.
374 3063 446 3157 Ego
462 3064 508 3151 Q.
521 3058 729 3143 Maximum,
752 3081 827 3128 eum
839 3110 850 3146 ,
864 3082 922 3153 quu
912 3057 1005 3128 Ta·
1024 3064 1047 3147 4

57 3188 178 3242 rentum
201 3171 347 3268 recepit,
365 3162 557 3244 ‘adolescens
580 3170 624 3241 ita
645 3168 745 3240 dilexi
763 3168 891 3255 senem,
905 3186 941 3243 ut
958 3192 1008 3239 ae·
1027 3196 1055 3228 u·

60 3278 189 3367 nnlen.
215 3281 385 3353 eratenim
400 3282 434 3353 in
448 3281 507 3351 illo
524 3280 598 3353 viro
613 3281 772 3351 comitate
786 3280 920 3353 condita
932 3307 1008 3379 gra·

10 3383 156 3479 vitas3
180 3415 242 3463 nec
261 3391 408 3464 senesius
430 3415 541 3463 mores
562 3408 777 3472 mutaverat:
804 3417 1007 3490 quamquam

10 3494 12 3501 '
63 3513 126 3565 eum
145 3500 257 3572 colere
275 3499 375 3596 coepi
394 3523 463 3570 non
477 3500 656 3570 admodum
671 3500 827 3593 grandem
843 3522 942 3588 natu,
952 3502 1008 3573 sed

65 3606 242 3678 lamentam
263 3626 367 3683 aetate
389 3609 597 3704 proveilum.
620 3599 708 3676 anno
726 3607 814 3678 enim
836 3608 910 3707 poll
925 3634 1008 3681 con·

67 3704 103 3779 lul
113 3717 250 3807 primum
272 3716 395 3801 fuerat,
409 3742 560 3815 quam„
520 3741 585 3787 eoo
600 3736 664 3787 natu
667 3740 691 3787 us
704 3716 790 3788 sum·
781 3744 949 3814 ,cumque
963 3742 1006 3790 eo

69 3836 199 3924 titutum
215 3827 302 3906 cous
283 3827 349 3904 sule
363 3826 624 3907 adolescentulus
637 3824 728 3907 miles
750 3826 918 3923 profeslus
937 3824 1007 3899 suut
