2340 4628
133 671 755 766 nnrtosonnrconuu.
794 714 821 738 „
851 703 920 786 30t

68 841 126 913 ilia
151 836 359 939 videbantur.
384 869 485 919 erant·
499 861 607 918 autern
621 871 681 919 eae
700 847 828 939 stellae,
843 875 924 949 quas

68 975 134 1021 ram
149 978 192 1026 ex
206 954 365 1025 hocloco
378 954 521 1028 vidimus
536 979 546 1040 ;
565 974 598 1028 et
610 980 668 1028 eae
682 958 923 1054 magnitudines
936 1005 959 1033 ‚—

68 1088 143 1153 rm,
166 1088 255 1162 quaa
270 1065 335 1137 esse
357 1092 526 1162 nunquam
555 1067 704 1165 suspicati
725 1069 857 1155 sumus:
879 1090 923 1145 ert

68 1198 83 1246 s
104 1193 174 1247 erat
196 1177 248 1247 illa
269 1176 428 1262 minima,
445 1202 531 1273 quae
545 1178 661 1251 ultima
677 1178 796 1265 coelo,
812 1179 924 1254 citima

74 1339 84 1375 ,
109 1286 181 1359 luce
206 1288 336 1360 lucebat
364 1290 477 1361 aliena.
503 1288 666 1362 stellanim
694 1307 803 1364 autem
831 1287 930 1395 globi¹

68 1422 73 1466 e
91 1395 352 1496 magnitudinem
367 1398 462 1473 facile
480 1400 664 1474 vincebant.
689 1405 755 1474 lam
773 1402 842 1500 ipsa
855 1421 924 1477 ter·

91 1507 173 1579 milri
195 1533 296 1604 parva
317 1509 385 1585 visa
410 1509 543 1601 ell,.ut
562 1532 617 1584 nte
637 1509 768 1608 imperii
795 1510 925 1602 nostri,

68 1616 156 1713 quasi
188 1613 347 1717 pundlum
383 1621 453 1693 eius
482 1620 697 1719 attingimus,
726 1619 923 1718 poeniteret.

68 1746 78 1793 ι
96 1748 171 1797 cum
190 1724 295 1822 magis
315 1726 478 1812 intuerer,
495 1726 654 1820 Quaeso,
669 1726 776 1825 inquit
796 1725 923 1801 Africa·
941 1739 966 1814 4

71 1852 247 1931 quousque
266 1833 359 1907 humi
380 1827 489 1908 defixa
506 1855 561 1908 tua
583 1827 788 1909 meuserit?
811 1860 924 1911 nonne

68 1940 127 2031 τῖε,
148 1966 232 2041 quae
252 1943 289 2016 in
311 1943 434 2039 templa
455 1942 613 2017 veneris?
636 1963 759 2017 novem
781 1945 842 2018 tibi
862 1970 924 2019 or·

72 2096 86 2137 ‚
102 2051 156 2125 vel
171 2052 282 2149 potius
300 2051 428 2152 globis,
448 2074 597 2129 connexa
610 2054 685 2127 sunt
699 2056 829 2130 omnia:
842 2078 924 2156 quo·

68 2181 136 2236 inus
148 2158 194 2235 est
207 2161 372 2251 coelestis,
385 2163 546 2251 extimus,
568 2161 628 2260 qui
647 2164 792 2263 reliquos
807 2190 925 2240 omnes

69 2268 216 2358 leditur,
238 2266 383 2342 summus
405 2270 472 2366 ipse
489 2271 605 2356 Deut,
622 2294 738 2345 arcens
755 2297 789 2348 et
812 2275 924 2347 conti·

68 2398 208 2464 :eteros;
227 2381 261 2453 in
280 2404 349 2477 quo
363 2378 457 2451 infixi
471 2377 543 2450 sunt
557 2377 601 2448 illi
617 2424 629 2462 ‚
652 2379 708 2467 qui
724 2382 925 2474 volvuntur,

69 2514 126 2560 um
140 2490 250 2564 cursus
262 2490 450 2586 sempiterni
464 2513 472 2558 ε
490 2488 546 2559 cui
558 2485 694 2559 subiecti
703 2488 774 2560 sunt
788 2489 927 2585 septem,

68 2596 206 2669 arsantur
219 2618 310 2671 retro
323 2648 334 2681 ,
347 2596 518 2669 contrario
530 2615 625 2668 motu
638 2650 649 2686 ,
662 2616 759 2695 atque
775 2596 925 2670 coelum:

67 2709 139 2782 ibus
149 2735 251 2784 unum
267 2709 404 2807 globum
420 2707 564 2805 possidet
576 2705 652 2794 illa,
669 2730 767 2804 quarn
781 2706 815 2779 in
830 2711 925 2781 terris

68 2820 147 2891 riam
176 2821 361 2891 nominant.
394 2817 513 2892 deinde
540 2815 586 2891 est
612 2816 786 2890 hominum
812 2818 925 2917 generi

68 2954 144 3002 erus
163 2946 196 3001 et
210 2929 351 3003 salutaris
370 2928 423 2999 ille
437 2925 573 3027 fulgor,
594 2928 651 3027 qui
672 2929 794 3003 dicitur
817 2928 923 3003 lovisr

68 3038 212 3127 rutilus,
244 3037 477 3133 horribilisque
505 3039 625 3129 terris,
655 3062 754 3134 quem
783 3043 926 3111 Martem

68 3171 85 3220 t.
107 3146 226 3219 deinde
242 3146 351 3218 subter
364 3145 507 3218 mediam
519 3146 588 3219 fere
600 3148 773 3244 regionem
787 3147 843 3217 Sol
858 3147 925 3216 ob·

68 3317 70 3334 r
82 3256 172 3346 dux,
186 3274 218 3328 et
232 3254 405 3351 princeps,
415 3276 448 3326 et
462 3256 654 3326 moderator
668 3254 831 3327 luminum
846 3251 932 3323 reli?

68 3391 131 3456 tm,
147 3391 238 3438 mens
252 3367 368 3438 mundi
383 3413 395 3450 ‚
415 3385 448 3437 et
470 3365 687 3462 temperatio,
702 3380 790 3437 tanta
803 3360 927 3459 magni·

68 3501 101 3562 e,
112 3493 150 3546 ut
162 3477 278 3548 cunsla
289 3474 341 3545 sua
355 3475 428 3546 luce
442 3472 594 3557 illustret,
608 3491 639 3545 et
650 3470 823 3569 compleat.
836 3471 926 3545 hunc

68 3583 410 3682 nitesconsequunnrr,
419 3584 498 3655 alter
506 3580 757 3665 Veneris‚*alter
768 3579 925 3655 Mercurii

68 3720 77 3767 r
93 3726 101 3764 ι
118 3695 152 3766 in
165 3693 352 3792 infimoque
366 3695 448 3766 orbe
464 3696 577 3778 Luna,
597 3690 695 3763 radiis
711 3689 787 3764 solis
804 3716 925 3765 accen·

68 3805 252 3878 invertitur.
266 3803 350 3875 infra
368 3820 475 3874 autem
492 3802 557 3872 iam
572 3799 651 3871 nibil
673 3798 740 3886 esl,
761 3798 818 3871 nisi
833 3825 927 3872 mor-

71 3937 84 3989 t
103 3915 290 4001 caducum,
310 3930 438 4009 praeter
454 3911 584 3982 animos
602 3909 715 4007 generi
727 3910 927 4000 hominurn,

67 4051 102 4101 re
116 4025 257 4098 deorum
274 4024 379 4095 datos.
389 4021 483 4117 supra
494 4022 605 4093 lunam
621 4020 692 4093 sunt
706 4039 835 4093 aeterna
849 4044 926 4091 orn·

68 4160 121 4211 am
134 4157 172 4207 ea
181 4185 193 4227 ,
214 4156 298 4231 quae
313 4132 359 4211 est
372 4132 500 4219 media,
518 4153 551 4204 et
566 4154 653 4203 nona
668 4130 762 4205 tellus
778 4182 790 4217 ,
818 4151 927 4225 neque
