2340 4628
199 648 277 722 Da
313 647 619 726 nutctntna
668 682 676 697 ·
835 673 912 749 ιη·

10 859 21 898 ,
35 805 177 907 vitaque
193 807 384 900 communi,
398 835 470 883 non
479 835 540 901 ea,
551 834 636 910 quae
649 808 815 913 finguntur
826 866 838 902 ,
849 831 908 888 aut

10 934 113 1008 mtur,
136 917 281 1015 speiiare
301 917 471 993 debemus.
500 945 671 1019 nunquam
691 946 756 1020 ego
772 923 906 1013 dicam,

10 1027 202 1119 'abriciunt,
215 1026 274 1101 Μ’.
287 1028 451 1118 Curium,
465 1029 521 1105 Ti.
534 1031 806 1124 Coruncanium,
818 1059 905 1132 quos

10 1156 97 1213 entes
115 1137 218 1212 nostri
238 1139 381 1215 maiores
399 1139 613 1240 iudicabant,
620 1141 664 1217 ad
674 1140 812 1216 islonttn
825 1167 908 1217 nor·

10 1246 136 1321 ostiisse
148 1245 317 1345 sapientes.
345 1250 460 1343 Quare
481 1246 543 1321 fibi
563 1247 705 1322 habeant
727 1247 904 1347 sapientiae

10 1380 65 1431 ten
82 1377 117 1432 et
132 1356 357 1449 invidiosum,
370 1377 404 1432 et
418 1356 618 1445 obscurum
637 1358 908 1459 concedantque,

9 1465 117 1540 iboni
129 1466 195 1539 viri
213 1464 347 1540 suerint.
369 1469 423 1542 Ne
442 1467 478 1540 id
497 1466 634 1568 quidem
652 1466 785 1542 facient.
803 1493 904 1567 nega·

10 1593 41 1666 t,
55 1575 109 1663 id,
123 1575 184 1648 nisi
202 1573 353 1672 sapienti,
367 1575 459 1673 posse
474 1577 627 1652 concedi.
646 1581 790 1678 Agamus
804 1578 904 1678 igitur
924 1604 955 1656 ¹9

10 1688 59 1785 gui
73 1687 248 1774 Minerva,
262 1706 300 1760 ut
312 1687 415 1764 aiunt.
437 1688 510 1782 Qui
525 1689 571 1764 ita
587 1691 620 1765 se
635 1709 775 1792 gerunt,
787 1691 835 1765 ita
847 1692 909 1813 vij

10 1814 49 1889 t,
65 1815 103 1872 ut
119 1822 238 1872 eorum
256 1798 415 1893 probetur
440 1795 562 1888 fides,
570 1798 761 1898 integritas,
783 1799 903 1875 libera·
927 1798 931 1805 ’

20 1936 34 1994 3
56 1933 120 1984 nec
141 1910 180 1983 fit
198 1907 233 1982 in
257 1908 320 1983 illis
342 1908 410 1982 ulla
430 1909 612 2007 cupiditas,
631 1911 688 1987 vel
707 1912 832 2002 libido,
849 1911 903 1986 vel

10 2016 97 2104 tcia;
119 2017 248 2116 sintque
268 2042 386 2118 magna
412 2018 617 2110 constantia,
639 2040 676 2095 ut
695 2021 720 2096 ii
737 2010 901 2107 suerunt,
952 2070 958 2077 -

10 2128 46 2202 lo
64 2152 150 2228 quos
171 2127 368 2220 nominavi:
392 2129 455 2202 hos
478 2128 573 2203 viros
596 2130 777 2221 bonos,ut
799 2132 902 2206 habiti

18 2238 89 2329 ,fic
106 2238 205 2312 etiam
224 2239 439 2336 appellandos
459 2257 637 2335 putemus3
660 2241 739 2340 quia
762 2243 902 2342 sequan-

10 2347 186 2448 [quantum
202 2349 356 2422 homines
375 2347 533 2446 possunt)
557 2352 901 2449 naturam,optimam

10 2487 20 2535 e
44 2461 184 2536 vivendi
204 2460 335 2533 ducem.
359 2460 404 2532 sic
425 2459 515 2532 enim
544 2460 628 2532 mihi
644 2460 827 2557 perspicere
844 2464 902 2536 vi-

10 2601 39 2665 r,
51 2573 97 2649 ita
111 2592 206 2648 natos
219 2573 285 2648 esse
303 2596 384 2661 nos,
399 2589 436 2645 ut
457 2572 544 2646 inter
562 2597 680 2646 omnes
699 2571 780 2646 esset
795 2573 902 2649 socie·

10 2687 179 2783 quaedam3
193 2685 302 2757 maior
324 2706 437 2758 autem
448 2737 460 2775 ‚
473 2702 509 2756 ut
522 2683 662 2783 quisque
677 2684 832 2783 proxime
843 2710 901 2760 ac·

10 2813 78 2868 eret.
104 2794 215 2893 itaque
249 2794 364 2882 civeS,
390 2792 559 2890 potiores,
586 2816 686 2892 quam
713 2792 901 2892 peregrini3

10 2903 186 3001 ropinqui,
198 2929 298 3002 quam
319 2902 427 2976 alieni.
454 2928 531 2977 cum
546 2902 595 2976 nis
612 2902 702 2975 enim
720 2902 900 2977 amicitiam

10 3037 50 3084 ra
70 3009 141 3107 ipsa
165 3012 331 3107 perperit:
354 3011 409 3084 sed
430 3037 468 3087 ea
489 3010 653 3085 nonsatis
675 3013 773 3085 habet
797 2996 918 3085 sirmi-⁹

10 3177 19 3196 .
49 3146 193 3220 namque
222 3123 289 3195 hoc
308 3121 445 3219 praestat
463 3123 608 3196 amicitia
633 3124 900 3220 propinquitati,

10 3230 82 3303 lex
95 3228 342 3326 propinquitate
365 3228 597 3302 benevolentia
620 3229 694 3302 tolli
718 3228 846 3325 potest,
859 3255 902 3303 eu

10 3341 79 3416 u'tia
93 3366 168 3413 non
179 3341 296 3436 potest.
317 3340 437 3414 sublata
451 3343 542 3413 enim
558 3338 810 3429 benevolentia,
823 3341 899 3413 ami·

9 3475 168 3523 enomen
189 3451 340 3536 tollitur,
356 3450 612 3548 propinquitatis
625 3465 746 3521 manet.
765 3451 899 3542 Quanta
917 3487 951 3523 ιο

10 3584 41 3632 m
56 3558 286 3633 visamicitiae
304 3559 363 3647 stt,
380 3585 421 3630 ex
434 3559 502 3631 hoc
521 3557 659 3656 intelligi
678 3558 824 3635 maxime
836 3585 900 3660 po-
956 3597 959 3601 J

24 3668 120 3766 quod
129 3693 172 3741 ex
186 3666 313 3740 infinita
328 3666 483 3741 societate
494 3667 621 3766 generis
633 3667 786 3760 humani,
798 3694 900 3768 quam
987 3676 997 3687 '

10 3777 129 3852 iliavit
149 3777 216 3874 ipsa
237 3794 373 3868 natura,
389 3777 434 3851 ita
453 3777 625 3851 contrasia
645 3802 697 3852 res
710 3779 756 3852 esi
768 3833 781 3872 ,
794 3800 828 3853 et
841 3781 901 3854 ad·

10 3914 26 3962 a
48 3890 86 3962 in
106 3889 302 3987 angustum,
318 3909 355 3962 ut
367 3888 477 3962 omnis
492 3889 679 3986 caritas'aut
690 3889 777 3964 inter
790 3892 905 3980 duos,

13 4017 89 4071 nter
102 4022 229 4093 paucos
244 3999 441 4096 iungeretur.
463 3995 520 4075 Est
533 4014 643 4070 autent
658 3997 805 4073 amicitia
818 3997 901 4071 nihil
917 3995 944 4069 6

10 4107 40 4204 l,
58 4105 121 4182 nisi
141 4108 296 4184 omnium
321 4107 511 4184 divinarum
540 4107 826 4278 humapprumque
845 4129 903 4181 re·

702 4230 721 4300 3
