2340 4628
150 670 219 744 »μ
457 650 782 724 tractus

147 810 238 883 enim
253 807 424 883 stabilem
429 812 548 910 ,quod
562 809 703 885 infidum
720 810 779 886 eti
804 810 1106 912 Simpiioetttpne·
1138 636 1146 909 i

95 924 104 943 '
147 939 257 1012 terea,
276 942 309 996 et
328 948 569 1013 communem,
587 942 622 998 et
639 924 905 999 consentientem
914 922 1108 1049 ,qairebtu

146 1029 266 1105 iisdem
287 1056 489 1123 moveatur,
506 1035 585 1133 etigi
601 1060 662 1133 par
680 1034 750 1109 est:
772 1058 858 1132 quae
874 1034 991 1107 omnia
1010 1030 1106 1131 petti-

58 1218 62 1223 ,
148 1166 227 1215 uent
249 1144 290 1217 ad
312 1144 513 1220 fidelitatem.
540 1147 762 1245 nequeenim
786 1144 894 1225 sidum
918 1144 1026 1245 potesi
1045 1140 1105 1218 effe

148 1250 319 1347 multiplex
341 1255 537 1355 ingenium,
563 1276 599 1327 et
624 1253 825 1329 tortuosum.
858 1258 980 1354 Neque
1004 1274 1105 1338 veto,
1144 1294 1146 1341 ς

147 1360 206 1456 qui
224 1382 294 1435 non
312 1364 428 1436 iisdem
444 1365 543 1437 rebus
559 1386 740 1449 movetur,
756 1380 791 1434 et
803 1384 922 1436 natura
933 1361 1106 1447 consentit,
1142 1356 1146 1419 ι

148 1492 208 1549 tut
226 1471 331 1558 fidus,
344 1493 399 1546 aut
414 1472 534 1547 stabilis
551 1472 660 1572 potest
676 1472 752 1551 etse.
775 1472 978 1557 addendum
991 1470 1106 1542 eodem

149 1582 217 1671 est,
231 1602 267 1653 ut
290 1608 330 1654 ne
351 1583 544 1655 criminibus
565 1576 823 1682 autinsereitdis
840 1580 1039 1666 deiecimur,
1055 1593 1106 1649 aut

150 1683 262 1769 credat
280 1694 418 1777 oblatis3
430 1719 517 1793 quae
535 1693 649 1771 omnia
666 1693 833 1789 pertinent
846 1693 889 1764 ad
906 1715 1003 1779 eam,
1015 1710 1107 1785 quan

150 1804 345 1876 iamdudum
360 1805 486 1894 trado,
504 1804 734 1878 constantiam.
748 1798 809 1875 ⁸lta
825 1800 863 1873 fit
876 1827 997 1875 verum
1010 1797 1107 1885 illud,

150 1916 245 2010 quod
268 1915 364 1987 initio
385 1916 477 2006 dixi,
494 1915 696 2003 amicitiam,
716 1911 879 1986 nisiinter
898 1913 1032 2000 ὶιοιιω,
1048 1905 1107 1983 esse

151 2046 221 2093 non
238 2024 342 2120 posse.
367 2024 414 2097 est
435 2026 524 2097 enim
544 2024 627 2097 boni
648 2022 731 2109 viri,
746 2020 877 2117 (quem
898 2020 1043 2093 eundem
1063 2017 1107 2091 sa·

151 2133 299 2229 pientem
314 2137 391 2209 licet
405 2137 514 2209 dicere
525 2133 563 2233 ,)
578 2136 658 2234 haec
681 2134 750 2206 duo
770 2152 883 2204 tenere
901 2130 937 2201 in
952 2126 1107 2201 amicitiai
1135 2225 1140 2231 Ι

151 2244 314 2340 primum,
327 2273 367 2318 tte
380 2247 462 2342 quid
475 2245 587 2319 fictum
601 2246 656 2335 stt,
673 2269 760 2318 neve
778 2245 987 2317 simulatum:
1007 2258 1109 2338 aperte

150 2356 240 2428 enim
257 2362 311 2431 vel
326 2358 447 2448 odisse,
462 2361 567 2457 magis
582 2359 714 2459 ingenui
733 2356 798 2453 est,
813 2382 915 2453 quam
929 2354 1042 2429 fronte
1056 2376 1109 2424 oc·

150 2467 274 2543 cultare
302 2470 509 2543 sententiam.
541 2472 681 2559 deinde,
711 2493 780 2539 non
806 2466 915 2540 solum
943 2466 986 2537 ab
1007 2464 1111 2558 aliquo

152 2578 260 2651 allatas
274 2583 522 2656 criminationes
536 2583 717 2677 repellere,
733 2578 785 2650 sed
801 2603 843 2651 ne
858 2574 968 2672 ipsum
985 2574 1111 2670 quidem

152 2692 218 2761 esse
243 2692 477 2787 suspiciosum,
503 2695 632 2788 semper
659 2689 787 2788 aliquid
809 2685 1052 2759 existimantem
1075 2681 1113 2753 ab

102 2815 134 2865 ⁶6
153 2798 265 2870 amico
281 2799 345 2870 esse
360 2800 535 2875 violatum.
562 2804 706 2875 Accedat
718 2800 785 2872 huc
801 2795 945 2869 suavitas
957 2792 1112 2892 quaedam

153 2922 289 2998 oportet
303 2905 490 3005 sermonum
504 2928 604 3002 atque
617 2930 771 2991 morum,
787 2904 1039 2999 haudquaquam
1052 2924 1113 2972 me·

153 3012 269 3084 diocte
293 3011 544 3085 condimentum
571 3013 743 3085 amicitiae.
773 3008 923 3082 Tristitia
942 3025 1112 3093 autem,et

153 3121 187 3195 in
207 3124 302 3195 omni
324 3149 358 3195 re
379 3121 554 3210 severitas,
567 3122 666 3195 habet
681 3124 735 3194 itta
747 3121 883 3217 quidem
897 3117 1112 3217 gravitatem

154 3234 208 3307 sed
231 3235 373 3308 amicitia
388 3231 551 3306 remiffior
567 3232 633 3306 esse
651 3234 769 3318 debet,
784 3250 816 3302 et
828 3227 982 3312 liberior,
996 3243 1031 3299 et
1045 3222 1112 3296 dul·

153 3345 246 3433 ciot,
263 3354 296 3418 e't
315 3346 356 3416 ad
375 3370 510 3416 omnem
534 3344 728 3416 comitatem
753 3340 1011 3435 facilitatemque
1035 3360 1112 3433 pro·

94 3474 135 3546 19
153 3459 285 3530 clivior.
312 3456 438 3530 Exststit
460 3476 570 3529 autem
591 3455 759 3527 hocloco
783 3450 947 3548 quaedam
970 3446 1113 3545 quaestio

103 3572 135 3635 ⁶7
153 3568 375 3657 subdifficilis,
395 3598 474 3644 num
498 3573 633 3667 quando
653 3568 753 3642 amici
772 3565 873 3652 novi,
894 3563 985 3660 digni
1002 3560 1112 3634 amici·

153 3681 216 3765 tia,
234 3683 401 3755 veteribus
422 3684 484 3756 sint
503 3682 750 3778 anteponendi,
765 3701 803 3751 ut
817 3678 914 3775 equis
930 3677 1053 3753 vetulis
1071 3693 1114 3747 te·

154 3812 251 3860 ueros
272 3808 476 3885 anteponere
497 3794 651 3866 solemus.
674 3791 810 3887 indigna
827 3788 969 3859 homine
987 3787 1114 3859 dubita·

154 3898 217 3969 tio.
241 3921 310 3968 nou
335 3903 425 3972 enim
448 3903 670 3975 amicitiarum
693 3901 758 3972 esse
778 3900 920 3986 debent,
937 3896 1021 3970 sicut
1039 3897 1115 3969 alia·

154 4032 227 4078 rum
249 4030 381 4097 rerum,
406 4012 573 4084 satietates.
605 4012 790 4082 Veterrima
816 4033 968 4106 quaeque
990 4006 1064 4107 (ut
1081 4031 1114 4080 ea

154 4117 251 4210 vina,
272 4147 356 4220 quae
372 4122 564 4196 vetustatem
584 4122 723 4216 serunt)
742 4123 810 4195 esse
827 4123 952 4194 debent
971 4118 1116 4199 suaviffi·
