2340 4560
79 25 1149 299 ι-

279 412 286 430 ,

282 654 887 770 ursiontcus„
985 684 1049 765 5„

127 834 148 878 e
169 814 285 877 civitate
300 813 350 875 sua
368 814 454 877 eiicit.
472 814 535 877 Ao.
554 835 592 893 7,
612 836 656 877 12.
684 816 746 877 eius
758 834 895 886 numerus
908 817 1055 883 obscurus.

88 902 91 907 '
128 897 183 959 Or.
204 916 251 961 2o.
276 895 338 956 eius
356 894 445 957 dictio
465 911 516 956 cur
535 895 682 958 nonnullis
703 903 810 975 poena
826 898 965 961 videatur.
989 901 1050 964 off.
1101 932 1108 946 ·

131 999 168 1052 r,
186 998 236 1052 44.
264 975 390 1039 Dionem
412 976 590 1054 Syracosium
615 976 742 1040 instituit.
760 980 824 1039 Ate.
847 999 900 1061 13,
921 1002 967 1043 21.
985 980 1052 1042 libri

127 1055 247 1118 eiusab
267 1058 451 1120 Hermodoro
473 1056 634 1137 vulgantur.
653 1057 748 1120 Rabir.
768 1058 840 1121 Post.
857 1082 886 1143 9.
906 1063 967 1122 eius
980 1063 1054 1140 peri·
1095 1072 1110 1116 t

127 1136 232 1198 culurn
251 1139 328 1216 apud
346 1138 522 1218 Dionysum.

85 1218 233 1292 PLaTO.
254 1218 423 1289 Sardianus,
442 1220 479 1280 ad
498 1220 536 1297 Q.
556 1218 599 1281 Fr.
621 1239 653 1295 r,
670 1240 696 1283 2.
712 1240 741 1297 4
759 1220 923 1299 Epicureus.

84 1310 262 1385 emon,
283 1310 373 1372 lison.
397 1330 441 1390 34.
461 1311 530 1375 Har.
550 1309 633 1387 Resp.
660 1313 703 1374 16.
724 1311 955 1391 Dyrrhachinus,
980 1334 997 1376 a
1020 1315 1054 1379 L.
1120 1331 1124 1338 '

126 1392 233 1455 Pisone
257 1394 336 1465 venis
355 1391 447 1453 incisis
470 1392 657 1467 interfectus,
681 1405 799 1471 accepta
815 1414 831 1454 a
850 1392 1055 1474 Dyrrhachinis

127 1472 263 1566 pecunia.
286 1474 400 1534 Nobiles
418 1475 448 1532 in
461 1473 624 1538 medonta
644 1470 777 1537 Platones.
806 1478 880 1538 Inter
894 1479 973 1536 duces
985 1476 1055 1547 Plri-

126 1555 150 1615 u
188 1575 229 1612 ιν
258 1556 314 1613 ise
353 1552 456 1615 Plator.

86 1635 127 1697 A.
143 1556 348 1710 ffiffisslsl’
366 1635 405 1695 ad
421 1633 485 1697 Div.
506 1653 539 1715 ι3
549 1679 561 1710 ,
572 1656 618 1716 29.
628 1633 744 1696 Praetor
758 1634 910 1715 Bithyniae
921 1637 1055 1704 &Ponti

125 1740 156 1775 a.
173 1719 213 1777 U.
226 1716 344 1776 DCCV.
366 1718 475 1798 Caesare
490 1716 527 1776 ΙΙ.
550 1715 669 1799 Consule.

85 1794 512 1871 PLnusus‚1>0m,0ffic.
534 1816 566 1869 r,
586 1817 632 1877 29.
656 1797 694 1858 ad
714 1797 869 1858 iooandum
890 1797 999 1860 urbane
1023 1800 1051 1861 o

127 1874 278 1952 ingeniose
296 1888 387 1954 aptus.
404 1876 482 1941 Brut.
501 1896 544 1958 15.
560 1878 676 1954 quando
694 1890 825 1939 mortuus
842 1879 883 1942 stt.

86 1968 283 2044 Plautus
300 1973 357 2033 titt.
377 1991 410 2044 1,
432 1970 476 2031 16.
504 1970 592 2032 iudex
612 1972 642 2032 in
662 1965 770 2035 tldicio
793 1971 888 2037 Clodii
908 1973 945 2034 de
966 1971 1051 2037 sacris

128 2050 247 2113 violatis
265 2051 324 2125 rei,
342 2049 462 2112 absolvit
488 2050 631 2113 Clodium.
657 2055 766 2114 Vrdetru
779 2077 833 2114 non
848 2055 992 2136 vemmsed
1000 2054 1052 2130 fic.

128 2151 187 2193 tum
201 2135 240 2191 ad
249 2132 429 2192 contumeliam
445 2155 537 2192 nomen
553 2132 608 2211 effe.
625 2136 704 2193 Forte
715 2137 755 2193 ita
768 2135 884 2229 appellat
898 2121 1053 2197 Lentulum

129 2213 226 2289 cmc,
246 2235 318 2295 quem
335 2215 403 2282 inter
419 2215 519 2275 iudices
534 2215 635 2295 confiat
644 2213 745 2294 suffe,
762 2237 806 2295 qut
824 2217 944 2277 clodium
961 2216 1054 2299 ahsol-

129 2314 235 2353 verum.

89 2374 327 2451 PLEURATFS,
341 2373 394 2437 Pis.
420 2393 464 2454 34.
485 2373 630 2446 Macedo,
643 2371 779 2447 Platoris,
796 2376 828 2434 de
844 2397 895 2455 quo
909 2394 987 2449 anre,
1003 2394 1052 2435 co·

132 2475 217 2527 mes,
238 2474 305 2516 cunr
324 2475 359 2517 eo
376 2455 542 2516 interfectus
557 2452 630 2514 iussu
649 2451 766 2513 Pisonis.

91 2539 128 2600 Α.
141 2536 307 2600 PLOTIUS
319 2536 459 2611 Silvanus,
471 2534 566 2597 Plane.
579 2556 608 2610 7.
623 2532 809 2596 Aedilitatem
821 2551 889 2594 cum
902 2533 957 2596 Cn.
968 2533 1050 2601 Plan-

132 2618 179 2678 cio
197 2618 277 2695 petit.
295 2620 357 2677 Ast.
386 2638 420 2699 5,
440 2637 483 2700 ¹5·
505 2628 635 2693 praetor,
652 2615 783 2675 Marcello
804 2614 964 2697 &Sulpicio
985 2615 1052 2695 Coffi

131 2702 213 2840 &Au
232 2699 299 2839 ssileut
315 2699 353 2792 est
368 2720 424 2758 cum
441 2721 489 2771 eo,
510 2699 554 2778 qui
572 2697 656 2779 paulo
677 2697 736 2778 post
753 2697 912 2777 Bithyniam
928 2697 1050 2760 obtinuit.

132 2800 159 2840 v.
206 2825 213 2839 .
265 2791 369 2839 aut1us.

94 2870 125 2932 C.
146 2868 328 2944 PLOTIUS‚
348 2865 441 2933 Flacc.
461 2887 507 2930 21.
523 2868 659 2944 Senator,
674 2867 797 2950 legatus
814 2870 845 2932 in
857 2869 918 2932 tlsta
934 2868 1001 2934 fuit.

93 2951 125 3012 C.
142 2949 306 3012 PLOTIUS
316 2996 325 3024 ,
344 2948 404 3011 Fin
421 2971 455 3022 2,
474 2946 519 3009 18.
534 2949 686 3023 Nursinos,
703 2970 789 3028 eques
804 2950 960 3013 Romanus.

94 3032 126 3095 L.
142 3030 326 3105 PLOTIUS,
343 3029 427 3096 nich.
449 3050 477 3110 9.
497 3035 586 3107 poeta
600 3029 635 3092 C.
653 3029 747 3093 Mario
761 3031 913 3092 iucundus.

95 3113 211 3185 POLA,
229 3114 356 3186 Servius,
374 3111 412 3172 ad
430 3110 493 3171 Div.
512 3109 551 3183 8,
567 3132 610 3169 12.
629 3109 785 3171 accusator.

94 3193 251 3267 Pontias,
268 3192 346 3252 Verr.
361 3214 397 3267 4,
410 3213 458 3265 42·
475 3190 695 3267 Tyndaritanus.

95 3272 392 3347 POLElllthCHUS,
407 3272 485 3332 Verr.
507 3288 540 3351 3,
559 3288 605 3351 23·
620 3268 828 3348 Murgentinus.

95 3367 256 3433 POLEMO
268 3414 277 3440 ‚
291 3367 384 3427 Acad.
408 3387 443 3440 1,
467 3386 510 3426 ro.
532 3364 824 3427 Academiaeveteris
847 3362 1053 3443 philosophus,

131 3451 164 3510 in
187 3446 336 3525 disciplina
350 3447 496 3508 Platonica
514 3445 555 3506 nil
577 3458 678 3510 mutat.
694 3447 744 3509 Or.
767 3466 799 3527 3,
821 3444 864 3507 18.
882 3446 1052 3509 Xenocratis

133 3531 266 3602 auditor,
279 3527 319 3588 nil
335 3528 371 3589 ab
383 3527 527 3589 Aristotele
543 3527 672 3588 dissensit.
683 3527 776 3589 Acad.
788 3550 824 3603 4,
836 3549 883 3600 42.
899 3527 958 3588 eius
968 3526 1053 3605 scrip·

133 3625 171 3672 ta.
192 3611 229 3672 de
246 3608 561 3685 Fin.4,6.sun1mum
581 3608 691 3671 bonurn
707 3621 809 3686 putat,
829 3607 987 3671 secundum
1003 3628 1053 3677 ns.

133 3707 230 3754 turam
247 3691 351 3752 vivere.

94 3772 417 3847 POLEtllOCRATES,
438 3769 531 3832 Flacc.
556 3789 599 3849 3ο.
617 3767 862 3848 Apollonidiensts

94 3853 231 3928 POLES,
249 3853 343 3915 Flacc.
363 3852 409 3919 18.
431 3851 587 3914 Temnites.

95 3947 232 4022 POLES,
251 3948 320 4026 Leg.
341 3970 377 4024 2,
400 3967 443 4028 13.
463 3965 560 4024 augur.
581 3946 635 4027 sed
655 3945 808 4025 Davifiana
826 3948 902 4007 latet
920 3946 1053 4026 Polyidus

134 4028 231 4091 Polles
246 4031 352 4110 quidam
365 4045 571 4097 commemoratur
583 4027 657 4106 apud
672 4028 781 4087 Suidam
793 4029 821 4087 in
839 4027 962 4087 [liunus.

94 4121 236 4195 POLLA,
252 4122 291 4183 ad
306 4120 370 4184 Div.
395 4143 448 4196 11,
462 4143 491 4202 7.
507 4121 542 4203 est
559 4119 666 4180 Valeria
686 4120 808 4191 Paullo,
824 4121 864 4179 D.
882 4118 961 4179 Breti
975 4138 1052 4179 uxor.
