2340 4628
65 39 347 305 ι
407 39 426 47 q-

158 658 228 731 152
411 634 502 707 ne
548 634 901 719 orrtctts

153 797 333 895 rhaginem.
347 794 465 871 iseum
484 798 628 873 Romam
640 796 804 887 venisset,
816 798 972 875 utilitatis
979 798 1126 899 speciem

153 912 311 1005 ridebat,
326 910 382 984 sed
399 910 915 1002 aam‚utresdeclatat,salsam
937 912 1127 1001 iudicarim

151 1023 441 1122 quaeerattalis.
476 1024 1127 1123 mmereinpania,effednmisuae

151 1158 231 1207 cum
249 1132 1126 1233 uxore,cumliberis;quamcalamitatemacoepis·

81 1330 84 1335 ¹
153 1244 202 1319 set
222 1246 259 1319 in
278 1246 387 1336 bello,
400 1270 616 1320 communem
638 1246 794 1320 sominae
814 1247 955 1322 bellicae
976 1248 1126 1323 iudican-

153 1374 244 1444 tem,
257 1378 370 1430 teneoe
390 1355 568 1431 consuhtis
586 1354 754 1454 dignitatis
773 1358 927 1454 gradum.
930 1360 1022 1457 'quis
1042 1360 1128 1433 haec

154 1492 253 1567 neget
268 1469 334 1542 effe
352 1468 472 1542 utilia?
487 1491 573 1561 quae
594 1466 725 1541 censes?
743 1469 943 1567 magnitudo
964 1472 1070 1545 animi
1090 1494 1126 1547 ct

92 1596 139 1670 ²7
155 1573 319 1649 sorrimdo
345 1596 453 1675 negat.
476 1579 569 1649 Num
596 1576 834 1674 locupletiores
853 1580 986 1676 qnaeris
1003 1582 1125 1655 audo·

91 1686 231 1758 mres?
257 1686 373 1757 harum
389 1686 479 1758 enim
503 1684 551 1759 cll
569 1685 731 1759 virtumm
752 1686 954 1785 proprium,
967 1688 1016 1762 nil
1041 1688 1127 1762 exti-

155 1794 320 1883 mescere,
332 1796 448 1869 omnia
465 1798 608 1870 humana
619 1794 814 1893 despicere
826 1796 909 1869 nihil
919 1799 1045 1924 ,quod
1061 1796 1126 1871 lio·

154 1903 238 1976 mini
262 1906 412 1980 accidere
440 1906 559 2004 poffir,
583 1906 831 1981 intolerandum
858 1930 987 2003 ptttare.
1010 1906 1125 2007 itaque

153 2013 239 2109 quid
262 2013 365 2088 secitl
388 2021 424 2088 ln
447 2014 593 2088 senamm
619 2016 716 2090 uenit
733 2042 745 2087 ι
760 2014 916 2089 mandata
941 2018 1122 2115 exposcite

153 2121 346 2196 sententiam
368 2150 409 2196 ne
429 2124 575 2210 diceret,
598 2122 786 2199 recusavit:
810 2124 972 2222 quamdiu
996 2126 1126 2201 iureiu-

154 2234 260 2305 rando
273 2234 415 2305 hostium
431 2251 616 2323 teneretur,
629 2259 700 2307 non
716 2234 781 2307 elle
796 2232 828 2306 se
841 2234 1044 2309 senatorem.
1068 2244 1126 2311 At·

154 2366 222 2438 que
243 2342 323 2414 illud
336 2342 454 2430 etiam,
467 2339 484 2441 (
496 2367 520 2415 o
533 2341 666 2418 stultum
680 2345 879 2429 hominem,
894 2346 1018 2420 dixerit
1035 2347 1124 2447 quis·

154 2453 271 2551 piam,
289 2472 323 2527 et
342 2472 582 2553 repugnantem
608 2455 741 2528 utilitati
769 2453 901 2555 suael)
925 2457 1024 2531 reddi
1046 2484 1125 2555 cap-

155 2563 267 2653 tivos,
281 2565 416 2662 negavit
426 2562 492 2635 elle
504 2564 601 2637 utile:
616 2564 690 2637 illos
704 2565 793 2636 enim
805 2564 1030 2641 adolescentes
1041 2566 1125 2656 effe,

154 2694 189 2747 et
207 2675 318 2746 bonos
340 2674 460 2759 duces,
480 2671 513 2744 se
535 2672 601 2744 iam
616 2670 809 2757 consedlum
831 2673 1005 2751 seneslute.
1032 2676 1127 2751 cuius

155 2810 232 2857 cnm
252 2782 402 2855 valuisset
420 2781 625 2870 anderius,
648 2781 773 2879 captivi
794 2784 914 2858 retenti
940 2783 1039 2861 sunt:
1055 2784 1126 2883 ipse

154 2894 390 2992 Carthaginem
416 2892 535 2978 rediit3
563 2918 672 2989 neque
691 2919 767 2967 eum
791 2894 909 2971 caritas
926 2880 1055 2993 patriae
1069 2922 1125 2973 re·

152 3006 273 3093 tinuit,
290 3028 352 3075 nec
378 2994 528 3074 suorum.
554 3003 675 3099 Neque
689 3025 776 3074 vero
790 3022 861 3075 tum
881 3002 1080 3101 ignorabat,
1092 3006 1126 3079 se

142 3115 197 3188 'ad
212 3111 476 3187 crudeliffit'nunt
495 3108 647 3200 hostem,
664 3129 699 3183 et
725 3112 767 3183 ad
787 3110 946 3209 exquisita
966 3112 1126 3212 supplicia

154 3222 342 3327 prosr'cisci3
365 3222 421 3296 sed
444 3221 669 3295 iusiurandum
689 3222 954 3296 conservandum
978 3223 1127 3347 putabat.

153 3342 268 3435 ltaque
288 3357 383 3425 tum,
398 3356 474 3407 cum
495 3331 673 3433 vigilando
689 3333 888 3419 necabatur,
893 3352 970 3405 erat
990 3330 1028 3403 in
1052 3356 1128 3407 nte·

154 3448 241 3523 lidre
255 3447 371 3535 causa,
388 3444 529 3545 quamsi
551 3443 645 3517 domi
668 3443 768 3516 senex
789 3442 958 3539 captivus,
971 3442 1130 3539 periurus

91 3589 136 3629 ιοι
107 3560 337 3634 consularis
348 3556 559 3631 remanstslet
577 3560 620 3627 Αι
638 3553 734 3629 stulte
741 3553 823 3651 ‚qui
841 3575 912 3626 non
927 3552 1038 3626 modo
1055 3576 1128 3627 ιιοιι

157 3666 318 3744 censuerit
333 3669 488 3761 captivos
501 3664 738 3753 remittendos,
747 3664 878 3735 ·'vernm
886 3660 989 3751 etiarn
1004 3658 1131 3733 dissuas

158 3778 243 3854 serit.
276 3778 465 3870 Quomodo
481 3778 576 3852 stulte
591 3776 606 3850 l
622 3776 765 3849 etiamne
782 3774 806 3847 ιι
821 3768 1023 3871 reipublicae
1045 3798 1129 3849 con-

159 3883 328 3963 ducebat?
343 3882 453 3989 potest
466 3904 574 3960 autem
587 3886 703 3985 ,quod
716 3882 831 3958 inutile
851 3883 1056 3980 reipublicae
1067 3882 1130 3975 fit

94 3996 142 4073 28
160 3998 205 4072 id
215 3995 368 4092 cuiquam
386 3995 453 4070 civi
476 3996 557 4069 utile
577 3996 664 4071 essel
680 4000 876 4071 Pervertunt
896 3996 1055 4071 homines
1068 4020 1144 4081 ea„

160 4118 246 4213 quae
268 4106 343 4184 sunt
364 4104 576 4185 fundamenta
598 4126 762 4202 naturae,
783 4132 860 4183 cum
884 4107 1066 4185 utilitatem
1086 4108 1131 4183 ala
