2340 4560
366 304 369 311 .

564 402 569 412 «

10 454 12 461 .

1159 475 1162 482 .

288 608 777 699 ΗἸΒΤΟΚῙΟῊ.
956 653 1021 731 543

58 780 306 858 PATROCLUS,
316 781 402 847 Tusc.
414 805 449 860 2,
463 804 507 866 ις.
525 785 568 846 16.
585 786 717 864 Davisurs
734 784 793 844 vult
808 786 861 868 legi
871 787 1022 852 Patrocles.

60 867 101 943 Q.
122 861 352 938 PATULCIUS,
375 866 437 930 Aa.
463 887 516 941 14,
535 865 579 927 18.
605 868 670 925 Fuit
694 868 821 948 Quaestor
841 889 868 929 a.
891 872 1024 934 Dccn‘.

101 944 190 1004 Hunc
223 966 245 1004 e.
264 945 379 1027 intelligi
393 945 464 1028 poffe
475 965 572 1027 patera.

59 1023 94 1088 I..
106 1024 205 1087 aaut
230 1024 298 1100 US,
313 1029 483 1088 Macedonici
496 1031 586 1089 Pater.
598 1027 677 1089 Orat.
694 1047 730 1101 2,
742 1026 788 1106 87.
805 1029 853 1108 qui
863 1030 901 1090 ad
910 1029 1024 1093 Cannae

101 1103 180 1166 male
199 1123 261 1165 rem
278 1105 367 1184 geffit.
387 1106 482 1168 Divin.
504 1130 540 1182 2,
553 1126 596 1187 33.
615 1107 758 1169 ceciditin
773 1129 870 1188 pugna
887 1109 1024 1174 Cannensi

100 1203 173 1246 curn
200 1187 335 1249 exercitu.
370 1186 454 1250 offic.
483 1207 521 1269 3,
549 1208 594 1269 32.
625 1188 731 1250 Consul
755 1206 823 1252 cum
849 1193 971 1253 Varrone
995 1218 1022 1256 a.

101 1268 298 1328 DXXXVII.
305 1272 465 1350 secundum,
473 1272 585 1351 primum
596 1274 664 1329 enim
672 1269 764 1351 suerat
773 1296 800 1334 a.
816 1276 851 1332 M
856 1276 1021 1336 CXXXIV.

99 1369 158 1407 cum
179 1350 225 1409 Μ.
243 1351 334 1410 Livio.
360 1351 467 1409 Habuit
486 1368 537 1409 tres
549 1351 647 1427 filios,
663 1353 696 1410 L.
711 1344 756 1410 M.
774 1356 810 1431 Q.

59 1419 93 1490 l..
109 1425 252 1488 Aemilius
273 1428 459 1504 PAULLUS,
473 1432 685 1505 Macedonicus,
708 1432 836 1512 Africani
849 1433 958 1493 minoris
965 1458 1023 1517 pa·

102 1529 144 1569 rer
160 1510 304 1570 naturalis.
323 1510 402 1572 Brut.
422 1530 467 1572 ao.
485 1509 611 1571 disertus.
636 1512 672 1574 ari
691 1510 755 1575 Div.
776 1537 813 1586 4,
837 1513 865 1577 6.
884 1513 968 1577 Tusc.
987 1535 1021 1598 3,

103 1588 151 1650 28.
170 1588 245 1650 duos
262 1586 372 1668 septem
388 1588 490 1652 diebus
509 1589 582 1652 lilios
598 1592 712 1652 amittit.
732 1593 810 1658 Brut.
839 1615 881 1676 19.
906 1596 966 1656 eius
988 1597 1023 1656 li·

97 1669 173 1730 lium
200 1670 320 1749 adoptat
344 1671 475 1734 Africani
499 1671 613 1735 maioris
633 1671 657 1736 f.
688 1672 753 1734 Div.
784 1695 818 1748 ι,
839 1676 886 1748 46.
911 1697 947 1749 2,
994 1698 1023 1758 9.

98 1749 211 1813 consul
234 1751 354 1826 iterum,
383 1770 489 1827 omen,
519 1754 598 1831 quod
624 1753 650 1814 ei
676 1752 773 1815 afilia
792 1753 919 1816 Aemilia
938 1696 1022 1818 osser·

99 1843 166 1905 tur,
188 1849 256 1892 curn
275 1833 301 1893 ei
316 1831 427 1894 bellum
447 1833 587 1896 Persicum
609 1834 776 1911 mandatum
801 1835 878 1898 esset.
900 1835 958 1898 Off.
978 1859 1022 1912 2,

101 1933 150 1972 22.
180 1912 261 1973 omni
281 1914 478 1975 Macedonum
507 1935 577 1994 gaza
601 1917 710 1994 potitus
735 1916 784 1976 est.
816 1917 893 1980 Verr.
920 1939 952 1991 1,
972 1940 1018 1980 21.

101 1991 204 2054 Persen
221 1995 251 2056 vi
272 2012 307 2055 ac
323 1994 427 2055 virtute
446 1993 596 2073 superavit.
611 1998 686 2058 Mur.
709 2017 753 2070 14.
769 1997 807 2056 de
823 1995 905 2058 Perse
922 1998 1022 2059 trium.

100 2071 188 2168 phur.
209 2072 307 2137 Tusc:
322 2095 357 2171 ς’,
385 2097 428 2151 14.
447 2077 516 2154 quid
547 2076 645 2141 Persae
669 2076 870 2155 responderit,
898 2097 966 2140 cum
991 2080 1022 2140 in

38 2210 41 2217 Ι
60 2153 520 2310 L.tllllllllllllsd‚ullll.nlllellatin.
537 2258 581 2298 ro.
591 2237 719 2329 quaestor
735 2237 944 2330 Macedoniae,
960 2205 1022 2301 lau-

102 2319 196 2378 datur.
215 2317 276 2380 Mil.
300 2339 327 2399 9.
344 2316 466 2381 Calvino
492 2321 520 2378 dr
544 2317 661 2378 hiellala
687 2319 764 2379 Coli.
788 2335 917 2395 praetor,
936 2339 1022 2380 com-

102 2397 1022 2556 {sihmtlmlilhl&Prillllhhniihil

102 2558 174 2621 ibid.
198 2580 241 2621 11.
266 2559 301 2620 C.
318 2561 476 2622 Curionem
496 2558 661 2619 habiturum
679 2557 795 2618 comitia
809 2558 949 2637 impedit,
967 2559 1022 2620 ser-

103 2640 200 2701 vando
220 2640 257 2700 de
285 2641 367 2702 coelo
394 2639 463 2702 Phil.
491 2661 544 2721 13,
568 2643 594 2702 6.
618 2640 802 2717 Pompeium,
827 2640 883 2702 Cn.
907 2639 1020 2715 filium,

102 2719 255 2795 hortatur,
274 2735 307 2781 ut
327 2741 395 2782 cum
421 2721 475 2782 suis
491 2721 580 2799 copiis
595 2722 632 2782 ad
651 2722 795 2782 Mutinam
814 2734 867 2784 eat.
880 2722 1020 2782 eiusmea-
1146 2794 1150 2800 θ

102 2806 141 2863 rio
152 2803 189 2881 fit
202 2824 301 2882 quoque
321 2804 358 2865 ad
377 2804 439 2863 Div.
460 2803 498 2877 8,
520 2803 547 2862 8.
571 2825 623 2877 11,
646 2825 687 2885 19.
699 2803 735 2863 ad
751 2804 814 2878 Art.
831 2829 850 2879 4
858 2849 868 2876 ,
886 2822 930 2884 13.
949 2804 1019 2867 ibid.
1103 2832 1106 2836 ·

109 2904 119 2942 ι
147 2929 154 2943 .
173 2882 320 2944 Basilicam
336 2884 492 2945 Aemiliam
507 2895 632 2944 veterem
650 2884 756 2956 reficit,
774 2905 880 2948 novam
892 2883 978 2948 locat.

64 2964 108 3026 Ph
139 2962 249 3037 auu,
272 2965 309 3025 ad
327 2965 387 3025 Aa.
409 2987 462 3040 14,
482 2964 738 3043 8.1.epidifnter.

64 3043 261 3118 PAULLUS‚
277 3043 328 3106 Pis.
348 3066 391 3123 ¹7·
405 3069 452 3126 per
466 3047 604 3105 ludibrium
621 3048 770 3126 appellatur
787 3049 818 3105 l.
838 3046 923 3126 Piso,
948 3047 1021 3105 Ma·

104 3127 228 3185 cedoniae
245 3128 386 3208 proconfirl
405 3127 438 3185 ab
451 3128 567 3185 Aemilio
582 3126 630 3183 illo
656 3125 754 3183 Paullo
768 3125 952 3183 Macedonico.

65 3205 288 3278 PliUSthliS‚
308 3207 537 3268 Lacedaemonius.
558 3205 632 3280 Top.
659 3224 704 3265 20.
729 3202 787 3264 off.
812 3224 843 3272 1,
868 3225 915 3262 22.
935 3201 1020 3264 rcbur

103 3287 187 3363 gestis
205 3287 359 3363 imperium
377 3285 672 3347 Lacedaemoniorum
692 3283 856 3361 propagasse
874 3294 1000 3360 putatur.

63 3367 287 3441 PilUSliNlliS‚
309 3370 513 3447 Alabarru'enfis.
535 3368 571 3427 ad
591 3366 727 3445 Dlv.13‚
749 3367 797 3439 64.
913 3405 916 3410 ·

65 3448 289 3522 Pausanias,
308 3449 346 3509 ad
369 3447 431 3510 Div.
454 3449 492 3522 ὃ,
509 3448 536 3509 8.
559 3446 675 3508 libertus
703 3444 784 3506 suiss'e
807 3443 929 3506 videtur.
949 3444 1021 3507 ibid.

111 3550 143 3601 1,
167 3550 196 3607 7.
217 3528 330 3590 Lentuli
349 3527 506 3606 Spintheris
523 3529 647 3590 libertos.

69 3612 106 3688 Q.
131 3608 281 3682 Pamin,
299 3610 361 3671 Art.
377 3632 415 3691 9,
440 3631 481 3685 ¹4·
503 3610 629 3673 Caesaris
646 3607 768 3686 legatus.
786 3605 881 3671 Plano.
897 3629 926 3685 7.
943 3608 1021 3670 aedi.

103 3690 216 3751 litatem
235 3709 303 3752 cum
326 3691 383 3753 Cn.
401 3690 516 3752 Plancio
538 3691 627 3769 periit.
648 3691 707 3749 Hic
726 3691 760 3829 ll
769 3689 828 3767 fine
850 3691 951 3765 dubio,
975 3691 1021 3771 qru'

109 3796 129 3832 a
148 3774 259 3853 Caesare
280 3775 383 3832 coleres
405 3772 551 3833 Oilaniaao
566 3773 700 3853 scriptur,
749 3790 806 3851 gem
825 3771 938 3831 Pedium
957 3792 1021 3831 coa·

59 3852 65 3865 ’
106 3872 148 3913 rra
171 3854 291 3933 Caesaris
306 3851 458 3933 percuffirres
466 3854 582 3946 salaſsi.

63 3935 95 3998 C.
117 3932 353 4009 annuemus,
379 3935 425 3993 ”ad
438 3932 501 3994 Drv.
524 3952 578 4008 ro²
603 3951 646 4012 33.
662 3930 767 3992 interiit
784 3931 815 3993 in
828 3930 937 4012 proelio
953 3928 1022 3993 Mu·

106 4014 229 4089 tinensr,
254 4016 329 4075 duce
347 4014 433 4078 Pansa
453 4014 508 4074 sair
529 4011 638 4091 legatus
654 4013 765 4075 Pansae.

65 4093 100 4186 l*
122 4096 343 4164 affluemus
354 4141 363 4173 ,
384 4096 478 4158 Flacc.
500 4094 546 4156 28.
565 4113 650 4173 eques
668 4094 823 4159 Romanum
