2340 4560
368 644 709 719 ‘LIBERL'
981 674 1027 755 ¹7

46 808 97 901 ei,
111 806 172 883 eui
192 802 402 905 promissum
418 804 476 893 fit,
491 806 546 879 vel
563 806 616 894 ei,
635 808 692 905 qui
709 808 907 901 promiserit.
936 816 1024 891 Nam
1141 836 1146 845 '

48 916 92 1001 fi,
105 934 143 987 ut
165 914 204 985 in
223 909 353 984 fabulis
376 908 444 1001 est,
458 912 655 1007 Neptunus,
676 918 770 1011 quod
792 920 925 995 Theseo
943 949 1025 1020 pto·

51 1026 202 1111 miserat,
218 1045 297 1093 non
317 1018 472 1106 fecisset,
494 1020 641 1095 Theseus
653 1020 725 1095 silio
746 1026 1025 1127 Hippolyronon

52 1132 127 1206 esset
145 1130 306 1203 orbanrs.
339 1128 392 1199 Ex
409 1128 515 1201 tribus
532 1128 620 1200 enim
638 1131 832 1233 optatis„ut
852 1133 1026 1226 scribitur,

54 1236 116 1315 boc
131 1257 207 1313 erat
221 1236 392 1327 tertium,
409 1236 503 1335 quod
527 1236 569 1309 de
589 1238 770 1337 Hippolyti
797 1242 932 1314 interitu
957 1244 1028 1315 ira·

57 1350 276 1449 nuoptavit3
289 1371 363 1446 quo
380 1347 622 1443 impetrato,in
635 1352 803 1423 maximoe
813 1352 919 1425 lullus
940 1352 1027 1427 inci·

62 1462 113 1535 dit.
127 1462 205 1533 Nec
226 1453 396 1556 promissa
412 1455 513 1553 igitur
531 1456 689 1531 servanda
710 1457 786 1532 sunt
799 1484 855 1549 ea,
869 1486 954 1560 quae
967 1463 1029 1539 srnt

11 1602 13 1617 ·
64 1572 114 1655 ib,
124 1569 255 1669 quibus
276 1560 490 1663 promiseris,
502 1562 650 1637 inutilia:
671 1592 752 1656 nec,
766 1565 791 1639 sr
803 1569 874 1665 plus
892 1569 952 1642 tibi
965 1594 1030 1643 no·

65 1702 173 1769 ceant,
186 1701 297 1777 quam
313 1668 362 1747 illi
384 1671 530 1771 prosint,
539 1672 598 1779 curi
611 1674 820 1769 promiseris,
833 1698 953 1753 contra
975 1680 1031 1754 os·

66 1790 173 1865 licium
193 1786 265 1875 est,
276 1784 384 1856 maius
401 1783 561 1877 anteponi
582 1785 706 1857 minori
722 1809 800 1875 rut,
811 1788 836 1859 fi
849 1788 1030 1863 constitue·

68 1906 105 1975 ris
120 1918 154 1973 te
173 1896 329 1995 cuipiam
351 1892 553 1965 advocatum
573 1893 608 1964 in
633 1917 706 1967 rem
730 1896 933 1992 praesentem
963 1898 1030 1972 else

70 2032 270 2097 tenturum,
296 2021 397 2099 atque
425 2002 559 2075 interim
583 2005 729 2102 graviter
751 2026 922 2103 aegrotare
942 2004 1029 2080 lilius

73 2116 238 2213 coeperit,
257 2100 382 2184 nonsit
400 2130 517 2182 contra
535 2113 706 2201 officium,
720 2140 789 2185 non
807 2114 913 2188 sacere
935 2116 1027 2212 quod

73 2227 187 2313 dixeris
200 2248 211 2307 ;
224 2222 401 2317 magisque
417 2218 491 2306 ille,
503 2221 558 2291 cui
579 2222 775 2316 promissum
793 2223 843 2309 srt,
857 2223 899 2293 ab
913 2224 1030 2297 officio

76 2328 278 2417 dil'cedar‚s1
306 2321 548 2399 s'e'destitutum
571 2352 737 2425 queratur.
762 2336 828 2404 larn
859 2334 920 2406 iilis
948 2359 1032 2428 pro·

77 2443 165 2515 rniffis
181 2439 338 2511 standum
356 2461 426 2506 non
443 2437 525 2524 esse,
538 2441 610 2534 quis
626 2465 693 2508 non
707 2440 820 2528 videt,
835 2467 920 2535 quae
936 2466 1035 2514 coac·

16 2568 24 2635 ξ
80 2554 213 2650 tesquis
231 2571 343 2631 metu,
355 2572 440 2643 quae
454 2547 611 2642 deceptus
626 2548 710 2617 dolo
723 2548 933 2642 promiserit?
949 2576 1033 2646 quae

16 2638 22 2717 i
80 2664 205 2759 quidem
228 2658 393 2757 pleraque
407 2656 476 2727 iure
491 2653 662 2752 praetorio
677 2653 872 2741 liberantur,
891 2658 1035 2728 nonnul·

16 2756 23 2811 ἶ
80 2770 106 2839 la
124 2772 272 2868 legibus.
298 2765 461 2837 Exsrllunt
482 2767 581 2837 etiam
601 2765 694 2860 saepe
717 2764 857 2835 iniuriae
875 2768 1037 2841 calumnia
1056 2791 1087 2845 tt

15 2886 20 2979 l
81 2884 243 2977 quadam,
261 2900 295 2950 et
315 2880 412 2948 nimis
432 2876 567 2962 callida,
582 2875 636 2945 sed
659 2876 817 2947 malitiosa
833 2877 912 2949 iuris
934 2878 1039 2950 inter·

80 2994 279 3087 pretatione.
303 2990 353 3058 Ex
374 3014 445 3085 quo
462 2987 561 3069 illud,
578 2993 743 3056 Summum
759 2990 830 3077 ius,
842 2992 969 3079 sumina
983 2994 1041 3060 in·

14 3106 24 3229 ¹>
83 3112 181 3190 iuria,
197 3104 326 3175 farrum
349 3100 477 3172 elliam
497 3102 611 3172 tritum
629 3098 782 3171 sermone
809 3103 1043 3195 proverbium.

17 3296 24 3315 ἢ
85 3218 164 3306 Quo
183 3216 219 3285 in
240 3237 362 3309 genere
376 3212 475 3282 ariam
491 3210 525 3279 in
540 3206 707 3302 republica
727 3209 826 3279 multa
846 3232 1044 3303 peccantur;

17 3404 22 3419 Ι
89 3348 121 3395 ut
135 3328 209 3411 lle,
224 3324 305 3419 qui,
318 3348 395 3395 cum
417 3320 548 3415 triginta
570 3320 698 3390 dierum
721 3318 824 3386 essem
843 3343 920 3388 cum
949 3318 1042 3389 hoste

15 3428 23 3555 'p
88 3437 198 3530 pattae
212 3435 388 3517 induciae,
403 3434 503 3501 noblu
519 3429 736 3526 populabatur
750 3452 864 3523 agros,
874 3428 966 3523 quod
980 3430 1046 3502 die·

88 3570 158 3615 rum
174 3542 279 3615 essent
292 3542 424 3637 pallae,
439 3564 508 3609 non
523 3539 667 3609 noslium
687 3536 846 3608 induciae.
871 3534 921 3608 Ne
936 3538 1047 3610 noster

14 3572 20 3727 i
90 3654 224 3750 quidem
239 3651 450 3748 probandus,
465 3648 616 3719 siverum
635 3645 700 3730 est,
714 3649 757 3736 Q.
774 3648 906 3718 Fabium
922 3646 1048 3718 Labeo·

15 3730 29 3799 ὃ
90 3791 187 3848 nem,
200 3764 256 3835 seu
273 3786 377 3857 quem
394 3759 515 3843 alium,
528 3756 545 3856 (
560 3756 640 3828 nihil
653 3757 740 3826 enim
756 3780 884 3851 praeter
898 3756 1050 3825 auditum

16 3810 28 3937 i
93 3874 225 3958 habeo,
241 3866 258 3967 )
273 3871 433 3941 arbitrum
453 3868 594 3941 Nolanis
614 3885 647 3939 et
664 3863 888 3960 Neapolitanis
907 3864 949 3935 de
969 3858 1049 3932 fini·

97 3982 157 4053 bus
182 3981 332 4052 asenam
355 3980 490 4067 danim,
504 4004 582 4048 curn
610 3976 651 4048 ad
670 3975 782 4046 locum
802 3974 961 4061 venisset,
975 3996 1052 4043 cum

93 4092 241 4188 utrisque
261 4088 433 4184 separatim
445 4087 614 4179 locurum,
628 4102 666 4158 ut
680 4110 721 4158 ne
741 4085 860 4179 cupide
874 4082 955 4178 quid
971 4103 1051 4176 age-

149 4192 241 4260 aar.
255 4190 350 4283 Opts.
370 4190 441 4259 Vol.
466 4182 555 4257 XII.
837 4181 863 4249 Β
