2340 4628
171 634 247 717 266,
335 633 385 706 Μ.
418 626 631 703 TULLll
663 622 1014 699 CICERONIS

165 798 318 881 diceres,
334 793 498 867 neminem
514 790 580 865 elle
599 789 762 873 divitem,
780 785 846 859 nio
866 788 933 886 qui
947 786 1130 871 exercitu,
1158 792 1160 827 ³

165 907 255 981 alere
277 902 380 1003 pollet
399 901 462 975 suis
477 900 655 983 sntslibus3
678 898 772 997 quod
793 899 947 996 populu
961 900 1129 971 Rom

165 1017 264 1089 tantis
282 1012 496 1113 redigelibus
508 1009 713 1106 iampridem
734 1008 794 1079 vix
815 1006 942 1105 potest.
963 1030 1048 1105 ergo
1063 1006 1130 1081 hot

164 1120 358 1219 proposito,
382 1142 549 1215 nunquam
571 1116 636 1189 eris
655 1115 752 1188 dives
772 1130 875 1203 arte,
897 1138 1003 1212 qm
1016 1112 1126 1185 tibiex

164 1230 230 1305 tuis
262 1228 512 1329 polseffionibus
536 1244 663 1297 tantum
689 1218 879 1307 reficiente,
908 1244 949 1296 ut
976 1246 1025 1301 eo
1044 1219 1126 1294 meri

163 1338 220 1413 sex
237 1337 406 1439 legiones,
427 1358 461 1408 et
481 1357 599 1430 magna
613 1333 767 1429 equitum
778 1356 820 1404 ac
834 1333 992 1429 peditum
1007 1328 1138 1405 mdiu

162 1450 272 1551 pollis.
303 1453 368 1521 lam
395 1446 506 1520 suteris
526 1446 647 1543 igitur,
662 1468 731 1516 non
746 1441 813 1517 effe
831 1462 868 1518 te
891 1446 1061 1529 divitem,
1074 1441 1123 1516 oti

162 1578 289 1632 tannim
311 1556 413 1643 desit,
438 1576 473 1627 ut
490 1557 621 1651 expleas
647 1557 706 1641 id,
729 1556 825 1652 quod
845 1578 1003 1653 etopus.
1018 1557 1123 1653 itaque

162 1668 254 1743 islam
275 1684 525 1766 paupertatem,
545 1667 597 1739 vel
619 1666 730 1762 potius
750 1663 930 1763 egelbtem
945 1694 987 1742 ac
1000 1669 1122 1741 mendi·

123 1802 145 1855 2
162 1780 294 1854 citatem
316 1799 406 1851 tuam
429 1802 598 1874 nunquam
614 1776 753 1849 obscure
771 1774 885 1849 tulisti.
911 1780 1002 1851 Nam
1019 1780 1121 1869 titiis,

160 1892 220 1989 qui
252 1886 389 1961 honeste
421 1911 492 1960 rem
528 1905 688 1984 qttaerunt
714 1888 910 1961 mercaturis
939 1888 1118 1982 fac'end‘tt,

159 2001 271 2099 operis
290 2002 430 2087 dandis,
455 2002 595 2098 publicis
612 2002 797 2090 sumendis,
813 2001 1121 2103 intelligimusopns

116 2196 119 2203 Ι
159 2108 224 2183 elle
246 2110 417 2207 quaesito;
441 2113 504 2196 stc,
524 2111 581 2209 qui
605 2111 697 2183 videt
723 2111 816 2182 domi
833 2131 912 2185 tuae
934 2114 1131 2213 pariterscn'

159 2217 348 2292 cusatorum
371 2240 470 2319 atque
492 2222 640 2295 indicum
668 2222 879 2295 consociatos
900 2248 1042 2322 greges,
1065 2223 1117 2322 qui

158 2344 315 2401 nocentes
334 2348 364 2399 et
379 2329 577 2425 pecuniosos
597 2355 673 2403 reos
696 2331 815 2402 eodem
835 2353 868 2404 te
886 2336 1025 2407 audone
1042 2360 1117 2408 cor·

157 2439 322 2534 ruptelum
357 2439 470 2512 iudicii
506 2441 705 2528 molientes,
735 2440 792 2537 qui
824 2459 898 2514 tuas
929 2446 1116 2531 mercedum

155 2548 323 2643 pasliones
346 2547 380 2620 in
403 2549 617 2643 patrociniis,
639 2549 883 2623 intercessiones
902 2555 1115 2647 pecuniarum

153 2655 189 2727 in
203 2655 408 2729 coitionibus
421 2658 671 2728 candidatorum
682 2712 693 2749 ,
706 2658 910 2735 dimiffiones
921 2664 1114 2737 libertorum

152 2763 194 2835 ad
218 2762 435 2835 foenerandus
460 2765 725 2864 diripiendasque
749 2771 966 2864 provincias;
983 2776 1044 2873 qui
1061 2802 1114 2849 ex·

152 2872 320 2973 pttlliones
347 2876 563 2965 vicinorum,
589 2878 646 2973 qui
670 2880 841 2953 latrocinia
865 2882 899 2952 in
923 2886 1039 2982 agris,
1059 2886 1113 2986 qui

152 3008 228 3057 cum
250 2981 371 3070 servis,
387 3008 462 3055 cum
476 2985 621 3075 libertis,
641 3011 717 3058 cunt
733 2989 905 3064 clientibus
922 2993 1113 3086 societates,

150 3090 207 3189 qui
233 3090 443 3188 possessiones
467 3118 614 3183 vacuas,
645 3097 706 3192 qui
730 3100 992 3197 proscriptiones
1018 3105 1112 3179 locu·

150 3198 287 3295 pletiunt
306 3252 317 3289 ,
338 3199 396 3296 qui
419 3201 532 3274 caedes
557 3203 840 3307 municipiorum,
861 3210 920 3305 qui
938 3211 1027 3283 illam
1044 3215 1111 3285 Sul·

149 3304 213 3379 lani
239 3308 399 3404 temporis
426 3309 558 3381 messem
587 3315 807 3403 recordetur,
835 3318 894 3414 qui
923 3318 1110 3395 testamenta

149 3415 315 3507 sobiesla,
350 3419 407 3519 qui
433 3419 574 3494 sublatos
602 3440 655 3496 tot
683 3422 860 3513 homines,
882 3428 944 3525 qui
968 3430 1111 3530 denique

148 3526 262 3597 omnia
279 3528 425 3617 venalia,
451 3529 614 3603 deledlum
625 3587 636 3621 ,
649 3534 813 3607 decretum
825 3588 835 3624 ,
849 3537 1007 3624 alienam,
1021 3542 1112 3613 suant

147 3631 370 3722 sententiam,
400 3636 511 3709 sorum
525 3691 537 3728 ,
562 3641 722 3725 domum,
752 3666 899 3734 vocem,
925 3647 1109 3727 silentium:

145 3741 220 3840 quis
236 3742 330 3815 ¹hunc
357 3770 423 3816 nun
450 3768 541 3843 putet
567 3751 746 3841 confiteri,
771 3751 830 3824 fibi
848 3757 996 3852 quaesito
1024 3785 1109 3858 opus

146 3847 238 3922 elle?
265 3853 317 3921 cui
345 3874 453 3925 autent
481 3861 627 3956 quaesito
654 3886 740 3958 opus
762 3861 828 3949 stt,
851 3867 933 3961 ·quis
958 3896 1107 3969 unquam

117 4048 119 4053 Ι
146 3956 236 4030 hunc
266 3982 345 4031 vere
372 3961 493 4037 dixerit
519 3969 689 4043 divitem?
720 3972 767 4043 ell
792 3974 880 4045 enim
915 3977 1109 4055 divitiarum

143 4064 267 4140 srusltu
293 4067 326 4141 in
355 4071 480 4166 copia:
505 4080 638 4174 copiam
668 4104 777 4155 autem
805 4085 950 4159 declarat
981 4088 1131 4165 satietas·

1157 546 1160 641 l
