2340 4628
163 664 238 736 ιι4
414 638 508 717 DE
555 636 909 713 OFFICIIS

163 828 241 879 cum
261 800 418 877 omnibus
442 800 492 875 esi
512 798 700 875 faciendum
710 800 804 900 ,qui
827 803 934 876 vitam
952 798 1123 876 honeſtrrr
1167 854 1169 861 -

162 914 291 1012 ingredi
306 912 474 1015 cogitant,
484 932 557 986 ιιιιιι
573 912 662 984 haud
676 910 771 998 scto,
784 936 829 983 an
846 910 973 985 nemini
985 912 1125 1009 potine,

160 1052 262 1126 quam
274 1026 345 1101 tibi,
361 1024 495 1101 sustines
506 1022 596 1097 enim
609 1048 680 1097 non
696 1050 833 1123 parvam
844 1022 1124 1123 exspedetionen

160 1132 659 1211 imitandzeindustriaenosirae
659 1136 1028 1233 Nmagnamhonnrum
1041 1158 1125 1207 non·

158 1246 283 1320 nullam
314 1245 447 1320 sortasse
466 1243 621 1317 nominis.
627 1222 818 1343 Suscepisti
841 1268 936 1319 onus
957 1262 1127 1343 praeterer-

76 1362 83 1375 '
157 1378 259 1453 grave
276 1370 311 1427 et
327 1354 550 1442 Athenarum,
560 1370 596 1425 ιι
610 1353 780 1451 Cratippi,
801 1355 843 1425 ad
858 1380 1040 1453 quoscum
1052 1374 1122 1427 tan·

156 1488 260 1567 quarn
281 1464 322 1535 ad
342 1480 558 1536 mercaturam
580 1461 745 1534 bonarum
772 1463 895 1535 artium
922 1462 964 1539 sis
986 1462 1121 1563 profec-

155 1575 375 1663 ruminantem
403 1571 511 1645 redire
532 1568 755 1669 turpiffimum
772 1572 846 1662 esi,
861 1574 1120 1649 dedecorantem

155 1708 192 1761 er
216 1684 307 1757 urbis
329 1684 625 1773 audoritatem,et
643 1682 799 1783 magistri.
821 1686 940 1778 Quare
962 1700 1120 1783 quantum

154 1792 285 1865 conniti
303 1792 417 1865 animo
437 1808 555 1888 potes,
574 1812 736 1890 quantum
758 1792 875 1865 labore
899 1792 1120 1879 contendere,

154 1900 175 2001 (
189 1902 213 1975 st
228 1903 373 1979 discendi
391 1903 486 1975 labor
503 1901 550 1976 esi
571 1901 687 2001 potius
696 1957 709 1992 ,
720 1898 1036 2001 quant-voluptas,)
1049 1922 1120 1975 tan·

145 2032 226 2089 rum
248 2014 300 2089 sac
317 2035 355 2087 ur
372 2013 514 2099 efficiam
535 2038 621 2088 neve
639 2013 852 2101 committas,
868 2034 923 2104 ut,
942 2038 1022 2087 mm
1044 2036 1120 2085 ont·

155 2125 209 2199 nia
228 2124 430 2222 suppeditata
442 2120 504 2195 sint
516 2146 536 2193 a
547 2110 666 2210 nebia,
679 2142 750 2196 tute
773 2119 837 2195 tibi
848 2118 1118 2195 defiriffevidea·

149 2244 203 2309 ἰι.
219 2238 283 2308 Sed
301 2237 382 2308 haec
401 2235 566 2306 hadenua
592 2232 696 2305 multa
712 2232 802 2306 enim
824 2230 921 2330 saepe
940 2232 984 2307 ad
1004 2254 1040 2308 te
1057 2254 1120 2307 ιο·

155 2345 310 2419 hortandi
322 2342 425 2444 gratia
445 2340 639 2441 scripfimus.
652 2367 742 2415 nunc
755 2342 798 2415 ad
815 2340 980 2443 reliquam
992 2364 1120 2443 partem

155 2453 345 2554 proposttae
361 2452 535 2527 divisionis
553 2475 771 2527 revertamur.

120 2594 138 2646 7
206 2564 377 2653 Panaetius
388 2563 511 2661 igitur,
524 2561 581 2660 qui
601 2560 668 2634 fine
694 2562 924 2639 controversia
943 2562 1119 2639 deofficiis

156 2670 394 2748 accuratissime
411 2671 612 2769 disputavit,
625 2696 792 2769 quemque
813 2694 897 2762 nos,
911 2672 1120 2745 comestione

155 2782 299 2879 quadam
320 2780 486 2866 adhibita,
511 2780 715 2877 potissumum
742 2781 846 2855 secuti
863 2778 997 2873 smum,
1014 2780 1120 2855 tribus

28 2918 31 2923 ·
156 2890 332 2989 generibus
347 2890 550 2988 propositis,
565 2891 600 2963 in
621 2891 744 2989 quibus
755 2892 934 2966 deliberare
947 2894 1119 2984 homines,

154 3021 190 3077 et
206 3000 392 3107 conspirare
411 3003 452 3076 de
476 3002 592 3076 officio
612 3001 777 3088 solerent;
793 3029 864 3077 ιιιιο
874 3058 885 3094 ,
897 3028 974 3078 urm
989 3005 1119 3077 dubita·

155 3135 250 3203 rent,
262 3113 480 3189 honestumne
493 3114 528 3188 id
545 3111 643 3202 esser,
659 3114 787 3213 dequo
805 3138 978 3211 ageretur,
989 3140 1033 3188 an
1049 3132 1117 3187 rur·

152 3251 221 3330 pe:
236 3225 363 3316 altero,
388 3222 533 3316 utilene,
555 3250 597 3298 an
621 3225 759 3297 inutile:
779 3226 903 3314 tertio,
920 3224 1013 3316 siid,
1025 3223 1117 3324 <prod

152 3341 299 3437 speciem
323 3340 460 3413 haberer
479 3336 632 3426 honesti,
652 3352 812 3434 pugnaret
833 3360 912 3408 cum
940 3360 1007 3426 eo,
1024 3335 1117 3435 quod

156 3450 236 3523 urile
248 3450 443 3537 videretur,
458 3447 635 3548 quomodo
653 3472 693 3519 ea
715 3444 854 3519 discerni
867 3460 1057 3543 oporteret:
1075 3445 1118 3518 de

155 3559 285 3633 duobus
300 3562 473 3657 generibus
486 3560 612 3658 primis,
634 3556 724 3631 libris
738 3558 840 3629 tribus
852 3558 1038 3653 explicavit
1051 3584 1061 3631 ι
1073 3556 1115 3630 de

155 3667 255 3741 tertio
268 3687 379 3739 autem
390 3694 510 3768 genere
519 3668 674 3764 deinceps
682 3665 715 3740 se
725 3664 848 3764 scripfit
862 3667 1044 3757 didunrm,
1057 3690 1117 3740 nee

121 3796 138 3851 r
157 3775 192 3849 id
205 3774 366 3865 exsolvit,
380 3778 473 3874 quod
483 3777 687 3872 promiserat.
702 3776 810 3869 Quod
817 3800 860 3849 eo
869 3777 975 3875 magis
990 3778 1117 3865 miror,

154 3885 232 3987 quia
244 3886 400 3979 scriptum
419 3910 438 3956 a
455 3887 617 3984 discipulo
633 3889 703 3961 eius
721 3886 903 3961 Posidonio
919 3886 988 3979 est,
999 3885 1117 3987 trigin-

153 4015 186 4071 ta
206 3996 300 4069 annis
317 3995 432 4070 vixisse
460 3999 668 4088 Panaetium,
697 3995 911 4096 posteaquam
930 4022 992 4072 eos
1012 3998 1116 4069 libror

154 4106 315 4189 edidisset.
334 4134 434 4213 quem
454 4108 569 4188 locum
592 4110 740 4195 mirera
763 4106 944 4193 Posidonio
969 4108 1117 4188 brevitet
