2340 4628
139 664 614 797 ”DUMWWF
696 678 704 699 ’“
758 668 873 769 ’.ψ

80 828 499 927 experiendipotestatem.
533 830 589 905 Est
613 828 714 930 igitur
727 832 875 933 pntden-
890 859 928 929 ⁶1

68 943 169 1029 nere,
190 956 227 1011 ut
249 962 406 1027 ctutum,
427 938 472 1014 fic
490 941 651 1037 impetum
669 932 877 1018 benevolen-
926 930 935 949 '

68 1071 89 1120 o
109 1064 242 1145 utamur¹
258 1046 350 1144 quast
368 1047 462 1147 equis
480 1047 635 1139 tentatis,
647 1046 879 1141 ficamicitiis,

68 1177 122 1231 tte
135 1155 324 1261 periclitatis
344 1156 496 1231 moribus
510 1155 706 1231 amicorum.
727 1158 880 1259 Quidam

68 1264 881 1368 tarvapecuniapetspiciuntur,quamiintlevesa

80 1404 168 1478 quos
178 1403 281 1476 parva
294 1402 435 1456 movere
447 1402 517 1451 non
529 1374 881 1477 potuimcognoicun·
997 1408 1000 1413 ·

68 1516 162 1590 agiu.
189 1489 238 1563 sm
251 1512 338 1562 veto
359 1508 458 1563 erunt
472 1488 574 1589 aliqui
587 1491 730 1587 reperti,
744 1492 803 1593 qui
816 1517 881 1590 pe·
965 1484 970 1491 ¹

68 1601 232 1700 praeferre
255 1599 445 1692 amicitiae,
469 1602 642 1675 sordidum
665 1600 882 1693 'existimente

92 1714 329 1801 inveniemus,
352 1713 413 1812 qui
444 1714 612 1807 honores,
646 1714 881 1813 magititaius,

79 1825 275 1925 potestates,
289 1850 371 1924 opes
383 1808 547 1899 amicitiae
564 1848 636 1897 non
647 1827 880 1925 anteponant?
994 1918 999 1925 Ι

78 1939 242 2012 exaltem
265 1957 358 2034 parte
381 1935 550 2035 propoiita
571 1936 651 2011 haec
674 1937 759 2027 fint,
777 1937 880 2014 exal*

68 2046 262 2136 amicitiae,
290 2071 358 2119 non
384 2047 494 2119 multo
520 2045 573 2118 illa
594 2046 736 2120 malint?
767 2047 878 2122 imbe-

68 2182 93 2228 n
110 2174 223 2228 natura
246 2155 350 2228 estad
368 2154 645 2254 contemnendam
672 2157 879 2252 potentiam
927 2172 931 2179 '
970 2202 973 2207 -

68 2269 133 2340 iam
148 2268 172 2338 st
185 2268 332 2366 negiesta
354 2266 499 2339 amicitia
513 2266 681 2340 consecuti
698 2267 772 2340 sunt
782 2321 794 2358 ,
806 2266 876 2340 ob·
916 2256 934 2275 '⁵

68 2378 137 2449 titi
149 2378 363 2467 arbitrantur,
377 2376 457 2472 quia
476 2394 546 2447 non
567 2376 635 2448 sme
660 2401 780 2474 magna
796 2404 877 2451 cau-

68 2486 183 2585 giebia‘
195 2486 346 2559 amicitia.
381 2488 494 2581 Itaque
518 2508 616 2559 verae
635 2486 798 2558 amicitiae
813 2485 875 2558 dif-
891 2502 926 2567 64

81 2595 292 2691 reperiuntur
309 2595 344 2665 in
362 2594 418 2682 iis,
430 2594 489 2690 qui
506 2592 541 2664 in
564 2593 750 2668 honoribus
771 2620 881 2693 reque·
984 2586 990 2605 ’

76 2704 256 2780 versantur.
292 2702 362 2777 Ubi
384 2704 473 2775 enim
500 2701 597 2775 istum
621 2703 795 2793 invenias,
814 2704 876 2803 qui

68 2841 81 2887 ι
106 2815 205 2887 amici
234 2811 536 2908 anteponat·suoi
568 2812 663 2905 Quid
681 2802 713 2886 i'
732 2813 812 2888 haec
837 2831 877 2889 ut

74 2946 200 3019 ,quam
214 2943 353 3016 graves,
369 2943 468 3017 quam
484 2920 636 2995 difficiles
646 2920 810 3018 plerisque
820 2922 876 2995 ni-

68 3031 267 3103 alamitatmn
278 3028 475 3101 societates?
491 3031 532 3101 ad
544 3054 625 3128 quas
634 3054 703 3102 non
718 3029 767 3102 est
778 3030 878 3104 facile

68 3142 157 3239 ,qui
172 3136 355 3212 descendat.
387 3143 602 3238 Quamquam
620 3139 745 3213 Ennius
757 3140 869 3216 reae:
943 3212 946 3217 .
989 3147 995 3157 ’

68 3278 126 3323 Μ
147 3274 295 3321 6611115111
318 3276 347 3319 VC
360 3273 478 3320 Imma
496 3272 629 3319 Gemitu!
639 3274 654 3318 .“
720 3310 725 3317 .

69 3383 129 3430 aec
155 3360 227 3429 duo
253 3357 394 3430 levitatis
419 3379 453 3430 et
478 3355 678 3429 infirmitatis
701 3356 884 3455 pictosque

68 3484 136 3553 ant;
153 3486 208 3540 aut
224 3467 296 3539 stin
310 3466 408 3539 bonis
420 3466 518 3539 rebus
530 3482 767 3554 contemnunt,
777 3466 882 3539 autin

68 3576 192 3651 ¹serunt.
218 3577 288 3670 Qui
309 3576 412 3674 igitur
432 3597 573 3672 utraque
598 3572 633 3645 in
659 3568 945 3671 tegtavem,18

68 3710 140 3771 em,
151 3684 297 3756 stabilem
314 3681 393 3754 sein
403 3681 547 3755 amicitia
560 3677 773 3778 praestiterit,
788 3682 880 3760 bunc

68 3802 119 3870 me*
131 3819 208 3867 rato
224 3792 403 3867 hominum
415 3815 536 3891 genere
548 3790 693 3868 indicare
705 3790 880 3883 debemus,

68 3903 225 3979 edivino.

68 4032 237 4085 amentum
265 4036 375 4086 autem
404 4007 582 4085 stabilitatis
611 4011 881 4107 constantiaeque
893 4021 929 4089 ⁶1

68 4146 126 4205 ΒΝ
154 4120 191 4197 in
212 4121 357 4199 amicitia
374 4117 585 4218 quaerimus,
608 4118 692 4289 {des
713 4119 770 4195 est.
795 4116 882 4193 nibil
