2340 4628
217 108 839 184 PHILOSOPHICORUM.
962 131 1032 204 347

66 269 222 343 motibus
240 272 428 343 veheretur.
451 297 527 343 nam
546 291 579 343 et
598 288 692 359 ante,
712 293 745 344 et
763 294 877 367 pone,
901 272 941 342 ad
965 271 1032 341 lae·

64 404 170 468 vam,
192 396 226 451 et
239 379 281 450 ad
294 380 463 464 dextram,
478 399 512 454 et
524 379 672 469 sursum,
686 402 722 454 et
733 379 910 471 deorsum,
926 379 1033 454 modo

64 487 156 581 hue,
173 488 280 561 modo
292 488 371 562 illuc
397 490 417 528 ⁴*
438 484 464 528 ⁸*
488 491 510 529 ⁴
889 526 892 531 ·

166 610 223 686 sex
234 633 328 702 oras,
342 609 560 710 regionesque
573 609 685 689 versus
696 634 807 688 errans
816 610 1035 713 procedebat,

399 787 528 882 Desunt
542 792 709 862 nonnulla.

117 942 188 1012 lam
215 963 301 1014 vero
321 964 435 1015 earum
459 941 669 1040 imaginum,
698 968 784 1045 quae
804 943 974 1047 finguntur
999 963 1036 1024 et

66 1052 286 1128 redduntur'
276 1080 311 1126 ιη
332 1053 493 1151 speculi8,
517 1081 746 1164 eorumque,
756 1082 840 1155 quae
867 1057 1034 1155 splendida

66 1159 328 1272 etheviajsunt,
341 1160 507 1232 rationem
517 1159 719 1258 perspicere,
728 1150 818 1236 haud
831 1163 1042 1249 difficiteem

65 1269 159 1343 Nam
178 1293 221 1339 ex
244 1268 328 1368 ignis
349 1267 519 1364 utriusque
537 1269 665 1343 externi
685 1293 787 1365 atque
803 1268 924 1341 interni
939 1284 1034 1342 com·

66 1369 1108 1479 mwmmmmmmmml

65 1478 230 1570 effecius,
253 1499 287 1553 et
301 1482 538 1559 miultismodis
557 1506 701 1557 concors
718 1500 752 1556 et
768 1505 864 1582 aptus
885 1484 1051 1562 redditus,
1106 1484 1110 1501 '

65 1584 253 1662 mlaevore
265 1589 427 1663 consedit
452 1591 473 1630 ⁸*
496 1594 515 1628 ⁴*
542 1590 563 1631 *

10 1711 16 1723 ¹
116 1720 182 1793 Sed
195 1718 267 1792 fin
282 1719 458 1817 splendore
479 1721 651 1796 consedit.
674 1738 745 1795 tum
760 1721 814 1800 vel
828 1724 943 1799 eadem
957 1722 1153 1828 spe-14

65 1827 136 1905 cies
144 1881 157 1917 ,
171 1828 227 1904 vel
239 1829 429 1904 interdum
417 1848 593 1903 immutata
606 1830 809 1906 redditur

264 1958 443 2037 emmaque
454 1935 649 2010 huiusmodi
660 1935 861 2012 necessario
852 1964 887 2010 rn
898 1938 1033 2038 speculo

64 2043 280 2137 resemntur,

275 2179 352 2231 cum
364 2153 450 2253 ignis
462 2154 726 2234 oculorumcum
738 2181 781 2233 eo
795 2156 893 2276 igne,
911 2157 1031 2260 quiesi

64 2264 113 2337 ob
125 2287 166 2337 os
178 2261 326 2354 offusus,

320 2385 355 2457 in
375 2413 411 2461 re
427 2386 518 2474 levi,
538 2406 573 2462 et
592 2387 783 2489 splendida,

64 2515 99 2589 se
123 2509 297 2601 confudit,
322 2536 355 2587 et
378 2515 528 2588 contulit.
568 2513 695 2611 Dextra
717 2536 826 2587 autem
849 2511 1030 2605 videntur,

64 2648 153 2723 quae
172 2624 267 2697 laeva
282 2623 376 2712 sunt,
395 2626 473 2722 quia
491 2624 665 2698 contrariis
677 2623 822 2721 partibus
834 2622 1030 2715 oculorum,

63 2735 248 2814 contrarias
259 2754 366 2831 partes
377 2735 551 2833 attingunt.

287 2880 574 2956 praetermorem
599 2857 753 2934 usitatum
776 2856 971 2933 adiectionis
996 2876 1030 2936 et

62 2981 310 3059 commissurae.

62 3091 280 3188 Respondent
298 3114 406 3168 autem
422 3095 538 3167 dextra
554 3091 696 3181 dextris,
716 3091 811 3166 laeva
824 3088 925 3165 laevis
941 3117 1028 3166 con·

62 3202 218 3275 versione
229 3202 407 3288 luminum,
418 3229 493 3279 cum
507 3228 546 3274 ea
560 3201 645 3273 inter
654 3200 685 3272 se
699 3225 769 3274 non
781 3201 1029 3276 cohaerescunt.

62 3315 100 3386 ld
113 3311 151 3384 sit
164 3365 176 3397 ,
191 3339 267 3385 cum
286 3312 495 3407 speculorum
511 3311 645 3382 laevitas
658 3308 736 3385 hinc
749 3310 905 3408 illincque
919 3309 1029 3384 altitu·

60 3422 176 3495 dinem
190 3420 357 3507 assumsit,
379 3444 413 3492 et
427 3421 471 3494 ita
486 3422 600 3492 dextra
612 3421 748 3519 'detrusit
761 3421 795 3493 in
810 3420 937 3495 laevam
951 3445 1028 3514 par·

58 3550 126 3608 tem
145 3526 353 3618 oculorum,
370 3527 530 3628 laevaque
549 3529 583 3598 in
597 3527 758 3601 dextram.
778 3528 902 3624 Supingt
927 3525 1028 3598 etiam
