2340 4628
9 73 111 166 figens
125 69 175 154 se,
191 64 412 162 posteritatem
427 67 554 158 semper
568 39 610 134 it'a
621 61 854 158 prospiciebat,

23 202 99 247 cum
119 173 292 246 exceffiffet
311 198 328 241 e
346 174 433 256 vita,
450 194 519 242 tum
542 174 683 267 denique
706 173 854 243 vitlurus

10 290 89 384 {uod
111 287 246 384 quidem
266 283 299 354 ni
319 284 363 354 ita
382 283 413 356 se
432 285 586 373 haberet,
607 307 643 354 ut
661 283 764 353 animi
786 283 853 352 im-

10 403 52 470 tes
63 396 186 484 effent,
200 395 287 466 haud
300 393 422 490 optimi
436 394 593 494 cuiusque
606 395 735 466 animus
747 393 854 501 tpaxi-

17 502 300 591 immortalitatem
314 501 437 600 gloriae
450 501 615 575 niteretur.
635 500 749 595 Quid,
759 502 853 599 quod
867 514 900 585 ες

10 612 143 686 tiffimus
168 611 308 710 quisque
335 609 528 709 aequiffimo
553 611 668 684 animo
689 611 852 698 moritur,

9 722 94 794 imus
106 721 330 820 iniquiffimo?
345 745 457 797 nonne
469 722 568 796 vobis
580 721 713 797 videtur
723 720 853 795 animus

10 833 17 903 i
30 834 102 929 plus
116 850 227 905 cernat
241 850 274 903 et
290 831 437 929 longius,
456 832 591 920 videre,
605 831 638 904 se
656 834 698 904 ad
711 831 852 907 meliora

10 937 83 1022 isci3
95 938 152 1010 ille
173 958 303 1024 autem,
318 939 411 1012 cuius
434 938 583 1012 obtufior
602 938 641 1012 fit
661 940 768 1026 acies,
781 962 852 1011 non

20 1047 35 1119 ἓ
48 1046 213 1143 Equidem
229 1045 351 1119 efferor
364 1047 476 1118 studio
489 1063 598 1143 patres
610 1046 852 1143 vestros,quos

10 1174 35 1229 tt
48 1155 173 1241 dilexi,
189 1156 345 1231 videndi:
361 1179 468 1253 neque
480 1179 566 1228 vero
579 1178 638 1227 eos
649 1154 756 1227 solum
767 1179 853 1227 con-

24 1288 130 1353 avm,
144 1290 232 1364 quos
246 1265 316 1363 ipse
329 1262 481 1363 cognovi
491 1289 503 1352 ;
515 1264 571 1337 sed
587 1264 660 1337 illos
677 1262 855 1356 etiam‚·de

10 1376 147 1449 taudivi
157 1430 169 1467 ,
180 1398 214 1451 et
233 1379 316 1478 legi,
330 1396 363 1452 et
380 1377 448 1473 ipse
464 1374 650 1473 conscripfi.
680 1377 763 1470 Quo
777 1374 856 1474 qui·

10 1510 43 1559 te
56 1484 321 1582 proficiscentem
335 1488 422 1559 haud
435 1488 509 1562 sane
520 1486 595 1586 quis
608 1484 703 1561 facile
714 1506 855 1559 retraxe·

10 1619 80 1695 que
92 1614 250 1695 tanquam
269 1598 389 1670 Peliam
407 1597 583 1673 tecoxerit.
612 1596 719 1691 Quod
736 1596 760 1670 fi
779 1597 855 1696 quis

10 1707 72 1779 tihi
87 1708 260 1808 largiatur,
273 1729 310 1783 ut
322 1735 364 1782 ex
377 1711 439 1784 hac
453 1728 558 1785 aetate
568 1710 786 1809 repueriscam
797 1763 809 1800 ,
821 1726 856 1783 et

10 1818 47 1893 tis
69 1822 220 1919 vagiam,
240 1822 338 1896 valde
357 1822 524 1909 recusem3
545 1846 606 1895 nec
626 1832 712 1894 vero
730 1819 853 1905 velim,

10 1928 150 2001 decurso
172 1928 299 2026 spatio,
312 1931 354 2002 ad
375 1943 521 2019 car'ceres
542 1928 670 2002 acalce
689 1928 855 2003 revocari.

10 2038 97 2111 enim
110 2038 207 2111 habet
218 2039 289 2111 vita
303 2039 501 2111 commodi?
517 2037 599 2136 quid
608 2035 801 2135 nonpotius
811 2035 855 2109 la·
867 2052 900 2121 84
914 2098 918 2107 .
