2340 4628
179 690 247 763 pa
439 604 933 735 fnacutnrn

176 804 1142 931 rrovcrursstinsimaestnrin'eansumo-'fl

138 932 517 1033 psuonurupondera
553 928 1126 1029 Quaemm'umrhnm

178 1068 233 1117 me
254 1042 387 1139 recepi,
400 1042 518 1137 Quid?
531 1042 616 1125 hic,
633 1037 1126 1139 inquamquisdfflm

176 1152 247 1251 piet
261 1176 355 1227 autes
369 1168 628 1225 measranmset
643 1146 982 1239 ramdnlcirsom?
996 1148 1125 1233 treet.

176 1262 287 1363 inquit
297 1264 370 1349 ilie,
382 1264 442 1361 qui
455 1258 635 1333 intervallis
648 1258 849 1333 corianum
861 1257 1072 1359 irnpmhr,
1082 1258 1126 1333 Η

175 1388 304 1460 tamen,
321 1394 385 1468 pro
398 1392 468 1443 rata
479 1388 573 1466 parre
585 1421 598 1458 ,
612 1366 742 1439 rarione
758 1366 946 1457 diffinffis,
958 1370 1125 1469 implsu

176 1500 276 1553 motu
303 1478 450 1577 ipsorum
473 1476 609 1563 orbium
629 1470 835 1559 conficimt5
859 1476 925 1571 qni
947 1496 1044 1551 m
1063 1496 1125 1551 m

175 1584 334 1683 gravibus
354 1606 566 1683 temperans,
587 1582 699 1657 varior
716 1582 943 1681 aequabiliter
962 1606 1125 1661 contem

177 1692 291 1765 efficit.
309 1718 371 1767 nec
383 1694 473 1766 enim
486 1692 614 1766 silentio
625 1690 707 1765 tanti
720 1710 835 1765 motus
849 1692 986 1767 incitari
998 1694 1125 1795 posu,

176 1818 212 1871 er
226 1819 342 1873 natura
363 1799 449 1885 serr,
473 1820 509 1873 ur
525 1820 727 1883 extremaex
746 1798 848 1871 alrera
861 1822 960 1897 parre
976 1802 1124 1901 gravier,

175 1932 220 1981 err
230 1910 331 1983 alrera
343 1928 452 1983 autem
465 1929 562 1984 acute
573 1910 699 1983 sonent.
722 1909 837 2000 Quam
850 1910 903 1981 ob
913 1912 1046 1985 causam
1059 1908 1125 1985 su

176 2044 252 2093 mus
270 2019 325 2092 ille
345 2021 432 2094 coeli
451 2020 596 2095 stelliferi
622 2019 758 2103 cttrstts,
780 2018 877 2093 curius
891 2014 1123 2097 mammas

175 2126 401 2218 concitatior,
421 2148 519 2203 acuto
537 2148 570 2201 et
585 2128 731 2203 excitato
751 2120 917 2201 movetur
932 2130 1043 2205 sono:
1062 2154 1122 2231 gn·

176 2242 311 2315 visiimo
330 2263 440 2316 aurem
455 2245 510 2318 hic
524 2243 645 2318 lunaris
657 2262 754 2339 atque
767 2240 916 2317 infimus.
939 2269 1018 2319 uam
1034 2266 1123 2327 terra.

174 2378 288 2443 nona,
308 2352 491 2427 immobilis
511 2379 670 2441 manens,
686 2352 753 2424 ima
769 2352 844 2424 sede
862 2353 997 2452 semper
1009 2358 1123 2441 sumn,

175 2467 353 2564 complexa
382 2466 528 2539 medium
555 2462 671 2535 mundi
697 2461 821 2533 locum.
847 2462 897 2535 illi
925 2480 1037 2539 autem
1061 2466 1123 2539 οᾶο

175 2578 311 2662 cursus,
332 2576 366 2648 in
387 2575 508 2675 quibus
528 2574 644 2646 eadem
660 2572 713 2644 vis
727 2570 775 2643 est
788 2570 963 2666 duorum,
982 2572 1122 2651 Mercurii

173 2706 207 2759 ct
224 2686 382 2771 Veneris,
398 2687 520 2782 septem
535 2683 681 2756 efficiunt
696 2680 866 2755 distinctos
882 2684 1067 2761 intervallis
1077 2686 1122 2759 so·

173 2820 255 2881 nos,
267 2797 607 2893 quinumenrsrenrm
619 2792 770 2866 omniurn
781 2791 852 2865 fere
863 2795 1122 2899 nodtnestquos

171 2904 261 2976 dosii
284 2904 436 2975 homines
457 2905 569 2975 nervis
587 2900 722 2990 imitati,
740 2922 839 3000 arque
862 2904 1040 2997 cantibus,
1054 2930 1120 3003 ape·

172 3036 271 3086 ruere
293 3010 350 3083 subi
372 3012 515 3084 reditum
538 3012 573 3083 in
596 3011 686 3084 hunc
707 3012 842 3084 locum:
866 3012 951 3087 ficut
972 3016 1027 3089 atii
1040 3012 1121 3113 ,qui

171 3120 406 3221 praestantibus
426 3121 564 3219 ingeniis
585 3122 620 3194 in
640 3123 711 3195 vita
731 3122 875 3192 humana
895 3123 1013 3197 divina
1034 3124 1121 3199 studia

167 3234 356 3307 coluerunt.
383 3232 461 3305 Hoc
482 3230 591 3305 sonitu
603 3234 757 3329 oppletae
774 3254 869 3304 aures
882 3234 1059 3309 hominum
1070 3238 1121 3309 on

171 3342 387 3423 surduerttnt3
408 3367 469 3416 nec
492 3343 539 3414 esi
559 3344 643 3415 ullus
666 3342 820 3416 hebetior
836 3343 948 3419 sensus
966 3346 1002 3417 in
1016 3346 1118 3421 vobis:

168 3450 249 3525 sicut
268 3454 325 3525 ubi
347 3452 442 3524 Nilus
458 3452 497 3522 ad
511 3452 588 3541 iila,
607 3476 691 3549 quae
704 3450 877 3545 Catadupa
895 3455 1119 3540 nominantur,

169 3562 361 3655 praecipitat
378 3588 418 3634 ex
435 3561 593 3634 altissimis
610 3561 803 3646 montibus,
823 3588 863 3634 ea
877 3589 983 3661 gens,
998 3560 1119 3662 quaeil·

168 3666 235 3737 lum
255 3670 367 3743 locum
387 3673 531 3755 accolit,
549 3690 689 3768 propter
703 3672 969 3768 magnitudinem
984 3674 1119 3753 sonitus,

167 3774 259 3846 sensu
273 3782 426 3855 audiemli
441 3802 537 3857 caret.
551 3785 615 3857 Hic
626 3808 711 3858 vero
723 3802 831 3856 tantus
840 3785 888 3857 est
901 3786 1005 3859 totius
1017 3778 1118 3857 mundi

166 3882 381 3959 incitatissitna
405 3894 624 3966 conversione
639 3893 785 3984 sonitus,
804 3913 841 3966 ut
860 3921 939 3967 eum
955 3890 1051 3970 aures
1064 3896 1119 3967 ho·

167 3989 293 4063 minum
314 4019 431 4093 capere
445 4025 514 4072 non
533 4002 676 4097 posimt3
698 4001 778 4075 ficut
799 4002 924 4076 intueri
946 4008 1049 4079 solem
1068 4002 1117 4075 ad·

164 4102 295 4179 versum
317 4107 479 4203 nequitis,
499 4111 635 4210 eiusque
648 4112 745 4187 radiis
765 4114 850 4187 acies
873 4114 984 4190 vestra
1004 4114 1079 4191 sens
1105 4146 1117 4162 ·
