2340 4628
147 658 216 753 184
386 656 892 741 cnaoutron

139 820 306 921 quendam
334 820 493 906 Athenis,
522 819 584 919 qui
608 818 642 892 se
665 817 845 917 sapientem
867 816 1104 917 pneumam

139 956 286 1030 eumque
304 930 436 1021 dicere,
453 930 590 1021 omnia,
602 954 687 1029 quae
707 930 916 1019 sammua,
927 930 973 1005 ad
986 930 1106 1029 volup·

139 1058 243 1115 tatem
256 1040 321 1113 esse
336 1040 519 1114 reserenda.
542 1042 638 1138 quod
654 1066 699 1113 ex
712 1042 941 1117 eoaudienree
961 1040 1023 1119 Μ’.
1038 1042 1105 1115 Cu·

139 1150 226 1225 rium
239 1174 273 1227 et
288 1154 343 1226 Ti.
357 1153 615 1226 Coruncanium
631 1172 749 1251 optare
763 1153 878 1227 solitos
888 1208 902 1247 ,
913 1176 955 1229 ut
965 1153 1004 1228 id
1016 1154 1105 1227 Sam-

140 1257 285 1350 nitibus,
300 1261 427 1363 ipsique
444 1262 580 1363 Pyrdto
601 1262 873 1361 persuaderem
886 1288 961 1363 quo
982 1261 1105 1339 facilius

38 1446 43 1455 ,
139 1372 232 1451 vinci
243 1375 398 1473 possent,
414 1402 492 1449 cum
510 1374 544 1450 se
556 1374 785 1475 voluptatibus
802 1376 980 1454 dediffent.
1002 1378 1104 1453 Vixe-

139 1504 193 1559 rar
206 1486 265 1559 Μ’.
275 1486 398 1559 Curius
408 1512 485 1560 cum
501 1490 536 1559 Ρ.
550 1488 690 1577 Decio,
709 1488 768 1587 qui
780 1486 1019 1587 quinquennio
1032 1508 1105 1561 aute
1150 1492 1152 1539 ἓ

141 1620 220 1671 eum
232 1598 400 1673 consulem
414 1600 446 1672 se
460 1624 526 1697 pro
542 1598 713 1697 republica
725 1622 848 1699 qetarro
861 1598 1035 1673 consulatu
1048 1600 1105 1675 de·

140 1723 294 1781 voverat.
319 1710 429 1782 Norat
443 1710 588 1783 eundem
602 1708 795 1799 Fabricius,
817 1733 917 1784 norat
931 1710 1106 1785 Corunca-

140 1814 399 1913 niustquicum
416 1818 526 1893 exsua
542 1816 770 1906 vita,tumex
786 1816 1107 1917 eius,quemdieo,

140 1922 178 1997 P.
193 1924 293 2001 Decii
314 1926 403 2001 sado
413 1979 425 2018 ,
437 1925 628 2002 iudicabant
645 1926 711 2000 elle
731 1925 887 2023 profecto
904 1924 1033 2025 aliquid
1050 1950 1107 1999 n·

139 2048 215 2109 lura
237 2036 412 2133 pulchrum
434 2057 536 2139 atque
553 2037 784 2134 praeclarum,
805 2034 900 2135 quod
919 2033 977 2109 sua
993 2034 1109 2135 sponte

141 2164 331 2243 peteretur,
351 2150 513 2248 quodque
546 2149 653 2247 spreta
680 2168 715 2220 et
738 2162 909 2220 contemta
937 2145 1109 2243 voluptate

91 2285 126 2339 ⁴4
142 2258 290 2355 optimus
316 2260 457 2361 quisque
481 2262 680 2360 sequeretur.
714 2258 888 2354 Quorsum
914 2257 1019 2357 igintr
1044 2274 1109 2331 tam

141 2368 244 2441 multa
269 2372 312 2445 de
332 2372 536 2471 voluptate?
562 2372 642 2471 quia
669 2394 740 2443 non
766 2368 876 2440 modo
902 2365 1111 2465 vituperatio

140 2479 245 2571 nulla,
256 2480 310 2555 sed
324 2482 423 2556 etiam
438 2483 565 2558 summa
578 2481 647 2554 laus
668 2477 842 2554 senedlutis
862 2474 937 2568 etl,
955 2475 1052 2575 quod
1073 2498 1111 2549 ea

141 2592 333 2690 voluptates
347 2594 451 2668 nullae
464 2615 670 2690 magnopere
689 2588 859 2662 desiderat.
887 2606 982 2659 caret
995 2585 1111 2685 epulis,

141 2700 376 2799 exslrudlisque
395 2700 535 2791 mensis,
554 2718 590 2773 et
611 2696 843 2797 frequentibus
856 2694 1007 2793 poculis?
1026 2706 1113 2771 erret

140 2832 223 2905 ergo
250 2810 348 2881 eriam
370 2809 579 2898 vinolentia,
600 2825 635 2880 et
657 2806 842 2892 eniditate,
864 2824 899 2877 et
928 2804 1112 2879 insomniis.

140 2918 205 2989 sed
227 2918 252 2990 fi
278 2918 402 3017 aliquid
429 2914 575 2991 dandum
594 2916 641 2989 est
656 2916 843 3013 voluptati,
856 2914 1021 3014 quoniam
1043 2912 1111 2987 eius

141 3028 309 3103 blanditiis
327 3055 397 3104 non
412 3028 507 3103 facile
525 3026 733 3116 obruimus,
745 3026 892 3128 (divine
912 3025 1005 3101 enim
1019 3024 1114 3099 Plato

140 3142 238 3239 esiam
262 3149 412 3215 malamina
436 3138 644 3237 voluptatem
667 3136 828 3233 appellat,
847 3134 1006 3233 quod-'ea
1020 3136 1115 3209 ride·

140 3254 218 3331 licet
240 3254 393 3327 homines
418 3249 611 3347 capiantur,
632 3269 670 3322 ut
693 3250 797 3320 hamo
821 3240 1114 3347 pisces,)·quam·

142 3390 244 3463 quam
270 3362 502 3439 immoderatis
526 3359 632 3457 epulis
651 3379 759 3433 careat
784 3356 955 3447 senectus,
970 3353 1116 3431 modieis

143 3488 253 3547 tamen
269 3476 438 3551 conviviis
459 3474 613 3547 deleslari
630 3472 749 3570 potest.
763 3472 804 3542 C.
818 3468 1010 3560 Duillium,
1023 3470 1118 3541 nef.

144 3582 203 3679 qui
227 3584 360 3657 Poenos
390 3584 488 3657 classe
507 3584 636 3681 primus
659 3583 851 3668 devicerat,
875 3578 1116 3653 redeantema

146 3714 253 3763 coena
267 3689 376 3765 senem
393 3694 488 3787 saepe
500 3692 661 3767 videbam*
674 3719 775 3790 puer:
800 3688 1028 3785 delefiabatur
1040 3710 1116 3761 cre·

147 3801 211 3874 bro
229 3800 329 3875 funali
348 3822 381 3876 et
399 3804 557 3890 tibicine,
576 3828 662 3902 quae
682 3802 742 3875 stbi
765 3801 858 3874 nullo
875 3797 1038 3895 exemplo
1050 3794 1122 3895 pri·'

98 3932 128 3982 ti
149 3926 245 3983 vatus
268 3905 451 3982 sumserat:
473 3930 601 3985 tantum
624 3910 777 3983 licentiae
795 3909 894 3982 dabat
911 3906 1030 4003 gloria.
1053 3900 1116 3977 Sed

148 4018 232 4117 quid
249 4044 315 4119 ego
328 4022 436 4095 aliosi
451 4025 492 4095 ad
506 4023 678 4121 meipsum
693 4024 760 4097 iam
779 4044 938 4097 revertar.
968 4016 1117 4089 Primum

147 4131 250 4209 habui
267 4132 396 4235 semper
408 4132 546 4210 sodales.
569 4132 755 4211 sodalitates
768 4150 877 4210 autem
890 4146 947 4207 me
960 4128 1117 4233 quaesto·⁴
