2340 4628
161 650 230 748 ηε
405 649 498 723 ne
544 638 901 725 ora‘rcrrs

157 806 849 902 dislaut,mmdicinn,1mnnouo's
868 830 1124 903 emacem,

32 950 37 959 ⁴
155 918 340 1018 quidquam
349 918 403 1017 agi
414 917 614 1004 dolose,aut
624 918 787 991 malitiose
798 918 931 1014 potest?
943 921 1122 996 Dolusau

156 1044 225 1100 tem
235 1029 340 1103 malus
351 1026 559 1101 simulatione
572 1048 605 1101 et
618 1027 932 1118 diffimulatione,ut
943 1029 994 1103 ait
1005 1028 1122 1130 aquil-

156 1134 233 1224 lius,
245 1136 446 1212 continetur.
460 1137 646 1212 tollendum
655 1137 703 1208 est
714 1138 813 1235 igittu
821 1163 866 1211 ex
877 1140 979 1214 rebus
989 1160 1121 1215 conua-

155 1245 274 1323 lrendis
286 1273 390 1324 omne
401 1249 621 1324 mendacium·
645 1273 714 1322 non
726 1248 926 1325 licitatorem
940 1251 1120 1344 venditor,

67 1410 77 1449 Ι
156 1388 220 1437 nec
236 1360 293 1460 qtri
306 1384 423 1436 contra
438 1360 470 1434 se
487 1360 643 1444 liceatur,
657 1376 769 1463 emtor
780 1379 929 1455 apponet
939 1386 950 1430 t
960 1376 1119 1458 uterqoe,

158 1471 234 1547 liad
247 1471 469 1571 eloquendum
479 1469 622 1558 venerit,
631 1493 703 1541 non
714 1468 801 1565 plus,
808 1492 911 1565 quam
924 1467 1040 1557 semel,
1049 1468 1121 1542 elo-

105 1595 140 1649 62
158 1600 312 1677 quentur.
343 1582 388 1674 Q.
401 1578 537 1677 quidem
555 1578 789 1666 scaevolam.
807 1581 844 1650 F.
862 1604 942 1652 cum
959 1576 1120 1676 postulas·

155 1687 227 1777 set,
247 1710 283 1763 ut
303 1687 362 1761 libi
392 1688 512 1762 fundus
525 1741 536 1775 ,
551 1685 644 1759 cuius
664 1704 775 1760 emtor
791 1705 887 1776 erat,
911 1668 1013 1760 semlt
1032 1688 1121 1761 indi·

98 1794 103 1803 ’
158 1820 304 1888 caretur,
325 1797 427 1895 idque
446 1792 605 1869 venditor
618 1797 662 1869 ita
676 1796 822 1887 seciffet,
843 1799 950 1887 dixit,
965 1797 1000 1872 se
1017 1799 1120 1897 pluri}

157 1904 326 1985 aestimare
339 1935 348 1980 τ
362 1907 486 1980 addidit
500 1925 632 1980 centurn
655 1907 765 1978 millia.
778 1931 881 1980 nemo
893 1906 962 1997 eli,
974 1908 1037 2007 qui
1054 1908 1121 1981 hoc

68 2020 75 2031 '
158 2015 241 2092 boni
260 2016 326 2088 viri
346 2015 442 2090 suille
469 2035 587 2113 neget;
608 2014 778 2114 sapimtis,
795 2040 939 2114 negant:
956 2035 996 2090 ut
1012 2016 1037 2089 li
1054 2019 1121 2091 mi·

158 2127 270 2216 noris,
292 2153 392 2226 quam
416 2127 595 2225 potuiliet,
616 2125 821 2201 vendidillet.
847 2127 939 2201 Haec
953 2127 1056 2227 igitru
1074 2125 1121 2202 est

158 2231 211 2306 illa
225 2234 402 2331 pernicies,
417 2235 510 2331 quod
528 2233 611 2306 alios
633 2236 766 2322 bonos,
780 2234 864 2307 alios
877 2235 1038 2333 sapientes
1051 2237 1120 2310 exi·

159 2342 301 2419 stimant.
331 2370 371 2417 ert
393 2369 463 2442 quo
482 2345 629 2433 Ennius,
648 2348 856 2439 nequidquam
872 2346 978 2439 strpere
989 2349 1119 2441 staplen·

159 2479 243 2546 cern,
263 2459 317 2551 qui
329 2457 395 2558 fibi
420 2457 481 2551 ipse
499 2455 631 2557 prodcffi
648 2484 713 2527 non
736 2459 841 2549 quiret.
876 2458 967 2528 Vere
990 2455 1027 2528 id
1046 2456 1121 2555 qui·

159 2564 236 2637 dem
248 2618 258 2653 ,
272 2563 312 2653 fi,
327 2565 406 2660 quid
425 2565 503 2638 ellet
514 2563 671 2664 prodesse,
693 2563 777 2635 mihi
804 2588 881 2635 curn
907 2566 1019 2637 Ennio
1041 2590 1120 2641 con·

105 2672 137 2742 ‘lt
159 2673 299 2749 veniret.
322 2675 529 2747 Hecatonem
555 2677 691 2772 quidem
720 2671 907 2760 Rhodium,
921 2671 1119 2769 discipulum

159 2780 319 2865 Panaetii,
334 2782 436 2853 video
453 2784 486 2853 in
512 2783 551 2856 iis
580 2782 690 2873 libris,
706 2806 793 2881 quos
817 2782 859 2855 de
875 2781 1004 2855 Officio
1025 2780 1120 2878 scrip·

159 2890 198 2963 lit
211 2892 256 2985 Q.
274 2892 469 2981 Tuberoni,
485 2893 617 2984 dicere,
632 2893 796 2990 Sapientis
810 2892 894 2983 effe,
908 2893 991 2965 nihil
1005 2912 1119 2968 contra
1141 2925 1145 2933 ·

160 3023 272 3073 mores
285 3051 297 3087 ,
310 2999 419 3099 leges,
443 2999 586 3074 instituta
605 3000 784 3074 facientem
797 3053 808 3089 ,
821 2998 942 3074 habere
955 3000 1119 3074 rationem

160 3109 206 3185 rei
222 3109 400 3184 familiaris.
420 3134 526 3209 neque
550 3109 638 3184 enim
666 3109 773 3184 solum
793 3109 892 3182 nobis
909 3110 1031 3185 divites
1056 3110 1119 3185 else

159 3223 340 3311 volumus,
356 3220 412 3295 sed
431 3220 564 3307 liberis,
579 3220 798 3320 propinquis,
812 3220 949 3310 amicis,
963 3221 1120 3295 maxime·

159 3356 226 3431 que
240 3333 451 3431 reipublicae.
473 3330 677 3431 fingulotum
705 3330 795 3403 enim
820 3328 992 3404 facultates
1013 3347 1048 3404 et
1067 3355 1121 3404 co-

160 3441 256 3537 piae,
270 3443 406 3517 divitiae
426 3441 498 3517 sum
512 3441 666 3517 civitatis.
682 3441 771 3516 Huic
792 3438 985 3514 Scaevolae·
996 3439 1120 3517 sactum

162 3548 235 3648 (de
258 3577 328 3648 quo
343 3555 442 3649 paulo
459 3570 535 3627 ante
555 3551 650 3651 dixi)
672 3552 802 3649 placere
825 3549 918 3623 nullo
943 3550 1051 3655 modo
1064 3576 1122 3650 po·

159 3658 229 3733 tell.
252 3662 373 3736 etenim
390 3664 533 3737 omnino
549 3681 677 3738 tanturn
691 3661 724 3735 se
736 3681 834 3760 negat
852 3660 1013 3736 facturum
1029 3688 1122 3738 come

160 3766 274 3866 pendii
297 3768 346 3841 sui
368 3771 485 3857 causa,
511 3775 607 3871 quod
635 3796 704 3844 non
729 3771 835 3844 liceat.
856 3772 945 3845 Huic
968 3797 1031 3846 nec
1055 3773 1123 3848 laus

108 3892 141 3954 ⁴⁴
162 3902 278 3975 magna
291 3876 479 3965 tribuenda,
494 3902 554 3955 nec
567 3881 668 3980 gratia
681 3881 737 3954 est.
757 3882 821 3954 Sed
833 3881 901 3954 srve
915 3879 1123 3955 etfimulatio

160 4007 196 4062 et
215 3985 448 4078 dillimulatio‚
462 3992 559 4063 dolus
573 3991 676 4063 malus
688 3989 735 4063 est
746 4017 757 4078 ;
770 4014 954 4088 perpaucae
966 4015 1020 4063 res
1033 3989 1124 4076 sunt,

162 4099 197 4174 in
218 4097 336 4197 quibus
359 4100 457 4175 dolus
476 4101 535 4195 'dle
559 4103 663 4177 malus
683 4128 755 4178 non
775 4102 951 4178 versetur:
973 4103 1045 4180 five
1070 4101 1126 4179 vir
