2340 4628
7 45 128 111 scetem
145 43 321 111 neminem.
365 40 534 128 Quorsum
552 40 652 135 igitur
666 41 745 112 haec
759 67 822 114 tam
847 77 861 146 5

8 176 22 219 e
39 151 189 221 Maximo
207 150 219 219 i
244 150 320 246 quia
336 149 488 243 protetio
505 150 645 237 videtiS,
660 151 748 221 nefus
761 154 824 225 effe
847 192 873 239 ις

8 258 148 330 nisurum
170 260 262 332 fuine
283 260 381 331 talem
398 260 603 333 senestutent.
629 263 702 335 Nec
716 281 826 336 tamen

8 371 139 467 potsunt
156 371 220 445 eise
233 370 427 468 Scipiones,
446 385 502 440 aut
523 368 689 461 Maximi,
712 386 748 443 ut
765 397 825 444 ur·

9 482 254 580 qrugnationes,
267 501 304 555 ut
321 480 488 580 pedestres
500 481 676 557 navalesve
684 508 827 581 pugnas,

30 617 50 665 a
69 592 228 690 segetia,
252 591 505 688 triumphosque
524 591 751 667 recordentur.
777 592 826 667 est

9 700 125 800 quiete,
154 722 187 778 et
210 727 314 801 pure,
343 718 377 775 et
406 702 571 802 eleganter
596 702 687 777 ariae
711 704 825 778 aetatis
880 762 883 769 .

9 836 47 886 ac
64 811 146 888 lenis
166 813 331 898 seneeius3
353 813 484 911 qualem
506 811 696 911 accepimus
711 813 826 889 Pleto-

12 921 108 996 iuno
128 942 161 996 et
181 922 386 1023 oeiogestmo
404 947 494 995 anno
508 921 651 997 scribens
672 942 829 999 mortuus

10 1031 88 1104 ulem
108 1032 281 1122 isocratis,
295 1030 354 1129 qui
378 1055 455 1103 eum
478 1029 624 1119 librum,
645 1033 705 1129 qui
726 1035 826 1106 Pana-

10 1161 37 1211 tr
65 1138 274 1227 inscribitur,
293 1157 415 1235 quarto
436 1154 471 1207 et
494 1135 710 1233 nonagesimo
734 1164 826 1213 anno

10 1272 22 1319 e
44 1244 78 1320 se
103 1248 205 1335 dicit,
227 1245 378 1343 vixitque
399 1242 662 1343 quinquennium
694 1243 825 1341 postea:

11 1355 132 1456 agisser
145 1358 326 1433 murinus
351 1351 520 1453 Gorgias,
537 1369 670 1429 eentum
694 1372 729 1428 et
752 1355 828 1455 sep·

11 1469 141 1568 npievit
165 1495 291 1557 annos;
317 1493 426 1569 neque
447 1488 595 1568 unquam
617 1466 655 1542 in
673 1467 735 1543 suo
757 1468 827 1547 stu·

11 1606 46 1657 re
70 1606 175 1678 opere
195 1580 341 1658 eetiavit.
364 1579 444 1678 qui,
465 1603 542 1654 eum
560 1600 602 1651 ex
621 1603 666 1654 eo
689 1605 827 1679 quaere-

11 1691 191 1765 urtamdiu
204 1691 303 1764 vellet
325 1687 437 1765 effein
464 1689 563 1761 vita'?
587 1688 686 1762 Mtit
707 1695 825 1785 habeo,

12 1805 100 1895 qnod
108 1802 241 1894 incusem
251 1801 445 1895 scanzam.
465 1799 670 1873 Praeclarum
684 1802 825 1897 respon-

24 1910 128 1985 doflo
148 1911 284 1985 homine
297 1911 445 2006 dignum.
468 1911 533 1979 Sua
558 1906 650 1979 enim
672 1907 753 1981 viria
769 1907 825 1981 in·
846 1946 878 2001 ¹⁴
1005 1906 1008 1915 '

12 2047 42 2109 r,
55 2039 90 2095 et
106 2021 197 2096 suam
210 2021 341 2118 culpam
359 2019 396 2092 in
415 2013 828 2103 seneuutemconsenu13

12 2130 199 2178 meaniniue
218 2131 244 2176 ir·
288 2129 380 2175 mine
400 2124 508 2174 marin
529 2121 736 2172 mamistriam
751 2120 812 2170 cnr:
