2340 4560
293 574 790 678 uts'rourcus.
966 618 1041 694 ⁴09

91 747 351 825 utflGENmAS,
370 751 415 813 Br.
440 772 484 831 50.
502 752 629 827 tibicen,
644 754 694 831 qui
714 752 853 843 discipulo
871 755 989 835 frigenti
1002 755 1042 817 ad

122 830 261 910 populum
282 832 374 895 dixit:
397 832 469 893 mihi
485 852 556 895 cane
573 836 600 895 dt
616 833 714 896 lllusrs.

92 912 306 977 lNTlGONUS
320 959 330 989 ,
346 913 442 975 Deiot.
472 935 517 995 ¹5·
544 913 655 993 legatus
676 915 803 977 Deiotari
826 918 863 978 ad
882 916 1040 985 Caesarem.
1111 932 1114 937 ·

91 992 324 1134 tipTIcONUS,
344 996 383 1055 ad
397 994 461 1057 Diu.
483 1016 537 1076 13,
563 1016 616 1076 32,
640 995 760 1057 libertus
773 998 830 1062 Cn.
850 997 968 1061 Otacilii
981 1000 1041 1061 Na·

130 1095 199 1136 oms.

89 1154 325 1229 ibll’lGONUS,
343 1152 402 1218 Off.
423 1178 460 1231 2,
488 1178 530 1233 14.
552 1158 743 1219 Macedoniae
762 1158 842 1235 Rex,
860 1159 921 1221 eius
940 1158 1042 1237 episto-

119 1236 201 1298 laad
228 1236 396 1315 Philippum
411 1238 514 1299 filium.
537 1238 582 1299 Est
602 1240 767 1317 Antigonus
795 1239 832 1302 ll.
862 1242 968 1313 Soter,
993 1241 1044 1318 qui

118 1332 233 1379 mortuo
256 1319 404 1381 Demetrio
425 1318 463 1381 Il.
493 1332 571 1379 tutor
596 1319 755 1397 impuberis
780 1320 832 1383 filii
857 1321 939 1397 suit,
958 1321 1045 1383 ducta

117 1413 207 1460 mane
233 1402 262 1462 aa
287 1398 452 1461 diademate
481 1399 599 1475 sumto,
632 1402 672 1460 ita
694 1414 819 1477 tamen,
852 1417 885 1462 ut
911 1400 1043 1481 privigno

118 1500 241 1559 regnum
256 1479 477 1543 conservaretur.

85 1560 352 1635 taunucum,
374 1561 451 1622 Brut.
468 1583 513 1646 5¹·
532 1568 634 1639 poeta,
654 1568 760 1639 podma
780 1561 865 1625 suum
885 1565 978 1645 (quod
994 1566 1045 1624 Ci-

116 1644 218 1703 ceronr's
237 1660 325 1701 aetate
345 1644 462 1724 exstitit,
488 1641 660 1714 Thebaida)
679 1662 747 1705 cum
768 1646 920 1719 recitaret,
943 1664 1044 1705 omnes

116 1736 230 1801 praeter
251 1721 401 1784 Platonem
416 1743 484 1783 eum
500 1723 682 1802 reliquerunt.
708 1728 868 1808 obscuritas
886 1726 966 1786 dairas
994 1728 1043 1785 lto'-

117 1805 200 1862 ninia
230 1827 296 1864 aene
313 1806 343 1863 in
360 1806 525 1886 proverbium
544 1808 619 1867 abiit.
1000 1806 1004 1813 ¹

80 1826 306 1947 nuttodnus
320 1883 501 1960 MAGNUS,
521 1887 558 1953 de
575 1886 624 1948 Or.
644 1908 679 1960 2,
705 1885 749 1951 18.
765 1886 865 1965 Syriae
880 1904 945 1959 rex,
964 1886 1044 1949 llan-

116 1963 247 2025 nibalem
273 1965 384 2043 recipit.
411 1967 490 2026 Verr.
521 1988 553 2041 r,
576 1989 621 2026 21.
650 1987 666 2025 a
691 1966 724 2029 L.
749 1968 887 2045 Scipione
911 1966 1043 2029 vincitur.

116 2047 194 2108 Sem.
217 2067 265 2121 27.
284 2047 355 2106 intra
377 2046 508 2107 Taurum
526 2066 643 2124 regnare
662 2046 784 2108 iubetur.
821 2048 903 2123 Asta,
924 2067 980 2125 qua
995 2044 1045 2107 ille

116 2125 292 2202 mulctatur,
309 2125 410 2187 Attalo
427 2127 559 2202 donatur,
577 2129 672 2189 Deiot.
696 2147 740 2208 13·
761 2127 890 2190 oblatam
906 2148 923 2189 a
940 2128 1046 2190 Roma-

117 2208 162 2267 nis
181 2207 265 2266 Afiae
284 2221 393 2283 partem
411 2227 502 2284 aequo
524 2208 621 2267 animo
636 2210 701 2267 sert.

79 2287 308 2350 ANTIOCHUS
323 2289 483 2370 Epiphanes
504 2293 550 2348 M.
569 2291 602 2348 F.
621 2287 693 2348 Phil.
718 2288 755 2363 8,
772 2311 801 2367 7.
821 2310 837 2349 a
861 2288 983 2366 Popillio
1004 2289 1046 2348 iu·

119 2368 204 2428 betur
223 2366 378 2429 abscedere
403 2369 588 2431 Alexandria.

79 2449 305 2511 ANTlOCllUS
316 2496 324 2522 ,
336 2449 408 2511 Phil.
426 2474 462 2530 9,
481 2473 507 2509 2.
526 2447 665 2510 Antiochi
685 2449 781 2523 magni
797 2468 905 2524 nepos:
922 2449 960 2508 ad
978 2467 1046 2508 eum

117 2530 176 2593 Cn.
204 2530 342 2591 Octavius
371 2532 516 2604 mittitur,
546 2547 578 2589 ut
598 2550 664 2589 eum
690 2529 787 2589 clall'es
808 2528 914 2590 habere
939 2532 966 2590 de
987 2528 1044 2588 ele-

118 2611 244 2687 phantos
263 2610 338 2671 alere
365 2610 539 2688 prohioeret.
562 2614 610 2705 Est
628 2612 783 2692 Epiphania
794 2612 839 2689 fil.

80 2692 308 2753 ANTIOCllUS
335 2691 476 2752 Antiochi
492 2692 530 2752 X.
548 2692 589 2755 Pir
609 2697 635 2753 o
658 2694 764 2752 Schnes
786 2702 833 2773 (v.
859 2692 933 2767 ins.)
942 2692 1046 2769 filius,

119 2774 223 2834 Seleuci
255 2775 419 2855 Cybiofiatlis
442 2774 536 2849 piato.
565 2775 643 2835 Verr.
664 2797 707 2847 4,
736 2796 781 2850 27.
804 2774 927 2836 Romam
950 2773 1048 2845 venit,

117 2854 247 2931 Aegypti
262 2855 380 2930 petendi
399 2855 501 2928 caula,
518 2860 544 2915 d
562 2876 613 2932 per
628 2854 753 2914 Siciliam
779 2856 912 2916 transiens
929 2875 944 2913 a
961 2854 983 2911 V
986 2873 1046 2912 erre

118 2934 271 3011 expilatur.
296 2937 345 3015 Est
368 2937 414 3007 is,
435 2939 478 3015 qui
496 2939 576 3013 eodm
598 2936 738 2997 Asiaticus
762 2939 876 2996 dieitur:
899 2938 942 2995 cui
959 2936 1048 2993 Porta·

114 3018 194 3096 pet'us
225 3038 331 3097 regnum
359 3019 453 3095 Syriae
474 3008 594 3090 ademit,
620 3017 647 3073 sa
666 3018 753 3099 frasam
781 3021 967 3078 Canrrnacenen
988 3034 1046 3071 cum

113 3098 251 3176 particula
277 3100 485 3178 Mefipotamiue
510 3101 634 3177 reliquit,
662 3103 730 3156 uude
749 3097 809 3159 Rex·
828 3098 1044 3168 Commagenus

117 3198 231 3235 vocatur
245 3178 281 3236 ad
303 3170 367 3239 Dii.
389 3199 440 3259 ις,
467 3201 491 3237 1.
513 3182 585 3237 Nam
610 3180 716 3236 nunidem
736 3178 803 3255 effi,
828 3196 857 3233 ut
883 3175 990 3235 talenti
1014 3176 1047 3230 de

119 3260 221 3316 Numis
241 3259 341 3319 Selene.
356 3261 480 3329 videtur,
499 3279 637 3331 temporum
657 3260 725 3316 ratio
746 3259 843 3336 arguit.

80 3337 306 3400 atu'slocltcs
325 3338 508 3409 Ascalonita,
532 3339 624 3398 Acad.
649 3359 681 3410 1,
708 3357 732 3415 3.
758 3335 888 3409 magister
912 3333 955 3394 lli.
977 3334 1045 3392 'sar-

120 3421 198 3482 ronit
208 3467 216 3489 ,
227 3440 243 3478 e
256 3440 329 3479 nova
345 3422 506 3480 Academia
525 3423 656 3495 rttnigrat
672 3419 699 3475 in
712 3432 853 3488 ueterem,
870 3414 966 3475 scribit
977 3432 1045 3474 cou-

117 3517 160 3559 tm
171 3500 333 3561 Philonem.
353 3502 430 3561 llrut.
454 3522 499 3581 19.
519 3501 695 3560 Academiae
707 3495 915 3569 andilid'nnui,
932 3496 1046 3558 auditur

119 3602 134 3640 a
156 3581 310 3642 Cicerone.
334 3583 427 3641 Acad.
451 3606 490 3655 4,
516 3583 611 3661 5-18.
639 3578 841 3657 Dil'putarioms
865 3579 926 3638 eius
948 3591 1047 3637 contra

119 3663 312 3722 Academiam
331 3683 434 3723 not-'am
457 3663 684 3739 compendium,
709 3663 782 3736 Cap.
810 3680 920 3742 19-22.
946 3660 1047 3720 incon-

120 3743 220 3802 stantia
241 3745 300 3803 eius
324 3745 354 3803 in
371 3744 544 3817 sentiendo,
572 3768 611 3817 4,
640 3761 688 3818 43.
715 3741 940 3820 pennanillimus
973 3741 1047 3802 5ῑυί-

121 3842 190 3891 cus,
216 3825 235 3885 li
257 3844 349 3901 pauca
371 3826 511 3885 murall'ct.
536 3847 615 3897 1,4.
638 3823 743 3882 librum
772 3838 872 3883 contra
894 3823 1045 3884 Philonem

120 3906 216 3965 scribit
244 3907 363 3966 nomine
389 3910 481 3981 Salias.
505 3929 544 3978 4,
568 3926 594 3983 9.
617 3905 765 3981 rpuomodo
793 3904 946 3965 ostenderit
975 3921 1044 3959 con-

122 3989 284 4046 cedendum
304 3988 359 4046 elle
378 3981 635 4058 ab'Atadcmicis,
651 4000 817 4064 perceptum
834 3984 889 4045 eise
912 3984 986 4042 hoc:
1003 3982 1045 4036 ni-

122 4068 160 4137 lu'l
168 4069 273 4159 percipi
286 4069 368 4155 ptffe.
386 4070 455 4137 Nat,
471 4068 505 4131 D.
528 4089 558 4143 1,
574 4089 603 4152 7.
620 4066 725 4131 librum
743 4066 840 4130 scribit
859 4066 897 4127 ad
913 4061 1045 4125 balbona
1086 4080 1093 4091 ·
