2340 4628
98 684 103 695 ’
216 688 834 765 uttttosoetttcouuu.
961 718 1029 798 ³²5

68 873 300 952 tertogentur,
315 852 397 949 quid
410 851 448 923 stt
455 852 582 950 sapiens
593 906 602 938 ‚
613 851 846 947 respondebit,
859 875 934 927 eum
945 855 1033 950 else,

68 986 167 1060 quent
191 959 262 1059 ipse
282 961 498 1058 descripserit.
532 962 660 1033 Contra
685 961 867 1059 Epicurus,
884 967 937 1039 vel
961 954 1034 1065 quis

68 1071 149 1145 alius
167 1070 433 1146 adversariorum
455 1071 609 1168 negabit,
624 1069 785 1170 suumque
810 1074 920 1168 potius
942 1075 1032 1172 peti·

68 1180 226 1255 tissimum
245 1181 458 1279 voluptatum
478 1204 665 1278 aucupem,
684 1180 861 1276 sapientem
874 1181 939 1255 esse
951 1207 1034 1257 con·

68 1290 194 1365 tendet
217 1291 297 1364 lude
314 1291 356 1364 ad
373 1291 526 1388 iurgium.
552 1290 683 1362 Clamat
702 1292 820 1377 Zeno,
840 1309 874 1363 et
893 1309 965 1364 tota
979 1292 1036 1366 illa

68 1399 220 1498 porticus
236 1401 472 1487 tumultuatur,
488 1399 659 1471 hominem
673 1417 785 1472 natum
796 1401 839 1473 ad
853 1401 935 1473 nihil
948 1401 1036 1476 aliud

68 1532 171 1609 quarn
186 1508 389 1583 honestatem
403 1540 411 1578 :
425 1507 528 1606 ipsam
541 1508 602 1582 suo
613 1508 789 1607 splendore
807 1508 842 1583 in
861 1509 893 1584 se
906 1511 1037 1588 animos

68 1580 219 1705 ducere,
233 1618 327 1693 nullo
340 1618 473 1715 prorsus
486 1618 673 1691 commodo
688 1619 888 1703 extrinsecus
899 1619 1036 1717 positu,

68 1744 103 1799 et
120 1727 212 1825 quali
231 1727 441 1801 lenocinante
460 1728 637 1810 mercede;
659 1728 933 1843 voluptatemque
948 1730 1037 1803 illam

68 1835 206 1935 Epicuri
220 1834 322 1908 solis
313 1857 400 1910 mter
418 1835 451 1908 se
466 1836 644 1935 pecoribus
661 1834 726 1910 esse
740 1863 979 1928 communem,
1001 1838 1040 1912 in

68 1971 218 2055 quorum
239 1946 430 2021 societatem
447 1966 480 2019 et
496 1944 695 2037 hominem,
714 1966 749 2020 er
771 1948 948 2045 sapientem
966 1968 1039 2024 tru-

68 2044 151 2131 'dere
168 2053 348 2130 nesasessc.
374 2036 502 2133 Contra
522 2055 598 2146 ille,
622 2076 810 2131 convocata
830 2059 873 2133 de
895 2040 1042 2134 hortulis

68 2164 104 2239 in
125 2165 283 2239 auxilium
303 2165 392 2264 quast
410 2165 513 2237 libera
530 2165 624 2238 turba
644 2169 899 2240 temulentorum
911 2193 1037 2264 ,quae-

68 2277 215 2351 rentium
229 2295 378 2365 tantum,
400 2301 499 2373 quem
513 2277 673 2348 incomtis
690 2279 853 2374 unguibus
875 2276 1043 2353 bacchan-

68 2405 145 2476 tes,
167 2385 350 2484 asperoque
371 2412 431 2459 ote
448 2385 663 2481 discerpant,
681 2386 858 2482 voluptatis
884 2412 1008 2459 nomen
1029 2436 1046 2474 ,

69 2495 290 2583 suavitatem,
309 2494 454 2592 quietem
470 2492 549 2564 telle
565 2493 693 2589 populo
707 2516 922 2589 exaggerans,
941 2492 1038 2570 instat

69 2603 214 2691 acriter,
238 2622 275 2676 ut
293 2603 359 2678 sine
377 2630 415 2678 ea
435 2606 550 2674 beatus
562 2627 664 2673 netno
683 2601 747 2674 esse
768 2599 860 2696 posse
877 2602 1045 2676 videatur.

71 2718 112 2787 ln
131 2737 276 2811 quotum
300 2713 407 2786 rixam
428 2711 452 2785 st
471 2713 690 2787 Academicus
708 2710 907 2799 incurrerit,
930 2733 1040 2785 utros-

71 2850 140 2925 que
162 2823 271 2897 audiet
285 2824 450 2896 trahentes
463 2821 497 2895 se
513 2823 555 2897 ad
569 2822 639 2896 suas
654 2844 773 2920 partes.
785 2821 840 2896 sed
853 2823 877 2894 fi
890 2823 924 2894 in
938 2825 1011 2896 illos
1026 2876 1039 2914 ,

70 2958 130 3013 aut
144 2937 178 3007 in
191 2934 270 3006 illos
281 2932 496 3019 concesserit,
506 2934 549 3007 al>
561 2933 626 3020 eis,
642 2933 880 3032 quos-deserit,
895 2933 1046 3025 insanus,

73 3046 270 3143 imperitus,
289 3043 548 3141 temerariusque·
561 3045 762 3118 clamabitur.
788 3053 899 3141 ltaque
914 3072 989 3118 cum
1007 3063 1041 3118 et

72 3160 165 3242 huc,
186 3174 220 3227 et
239 3156 315 3226 illuc
333 3179 444 3227 autem
467 3154 642 3253 diligenter
662 3156 873 3238 admoverit,
896 3155 1041 3226 interro·

74 3289 190 3366 gatus,
201 3263 282 3362 quid
296 3265 328 3335 ei
340 3264 513 3353 videatur,
524 3265 673 3337 dubitare
683 3264 714 3337 se
729 3265 825 3335 dicet.
841 3265 936 3360 Roga
952 3286 1045 3335 nunc

73 3375 224 3451 Stoicum
242 3428 253 3461 ‚
272 3377 348 3472 quis
364 3374 403 3446 stt
417 3373 559 3463 melior,
580 3373 805 3470 Epicurusne,
829 3372 888 3470 qui
903 3371 1041 3443 delirare

74 3487 173 3562 illum
187 3485 307 3558 clamat
321 3539 331 3575 ,
352 3511 392 3556 an
407 3485 625 3558 Academicus
640 3537 651 3573 ,
673 3484 731 3581 qui
753 3482 810 3571 sthi
825 3483 931 3556 adhuc
945 3483 986 3555 de
1004 3506 1042 3555 re

74 3616 168 3672 tanta
193 3597 439 3671 deliberandum
463 3594 528 3668 esse
548 3594 750 3690 pronuntiat.
774 3617 874 3664 nemo
897 3592 1047 3685 dubitat,

77 3707 322 3782 Academicum
337 3707 517 3804 praelatum
531 3705 581 3778 iri.
605 3703 728 3778 Rursus
744 3704 940 3777 teodillum
956 3731 1042 3779 con-

75 3837 196 3907 verte,
214 3837 247 3891 et
265 3841 407 3914 quaere,
427 3840 529 3915 quern
552 3814 654 3911 magis
675 3834 784 3904 amet,
808 3816 1003 3902 Zenonem,
1024 3839 1046 3886 a

75 3954 149 4025 quo
163 3926 266 4000 bestia
287 3927 503 4014 nominatur,
526 3950 566 3997 an
582 3923 783 4016 dtccfflam,
800 3951 819 3998 a
837 3949 908 4022 quo
927 3925 1044 4012 audit,

72 4038 131 4109 Tu
152 4031 285 4105 sortasse
307 4059 423 4105 venum
443 4032 546 4118 dicis,
566 4032 623 4105 sed
641 4031 807 4130 requiram
828 4030 1046 4129 dihgentittst

74 4169 192 4220 nonne
211 4158 365 4237 apertum
375 4139 446 4231 esl
466 4164 572 4214 totam
594 4141 682 4212 illam
697 4141 868 4309 poqtcicum
879 4137 1045 4224 insanam,

812 4265 828 4330 i
