2340 4560
207 616 236 677 3
309 511 814 648 ursaonacus.
991 601 1057 685 503

87 728 123 792 D.
147 727 323 805 mulus,
338 729 434 794 Flacc.
461 752 487 791 1.
503 729 618 792 accusat
634 731 667 793 L.
686 732 823 795 Flaccum
835 734 873 796 de
885 738 1061 816 repetundis.

125 808 238 887 Atti,
252 831 295 875 11.
309 830 325 872 a
342 810 481 890 Pompeio
499 829 568 873 cum
583 814 727 877 mandatis
745 815 782 877 ad
797 814 872 878 eoff.
884 817 1060 889 Marcellum

128 890 332 954 &Lentulum
350 891 480 972 Capuam
498 893 629 956 mittitur.
1001 927 1003 930 ⁴
1031 922 1038 957 1

86 973 118 1039 C.
146 975 175 1037 dt
195 973 240 1036 Μ.
263 973 411 1050 Lnunul,
431 995 460 1036 v.
479 977 587 1040 Lenius.
722 1000 727 1019 ·

84 1054 117 1119 C.
144 1052 289 1118 LAENAS
296 1100 308 1128 ,
323 1078 336 1114 e
351 1056 503 1138 Popillia,
519 1053 599 1119 Balb.
616 1058 765 1137 11.pat1ia
786 1057 900 1137 pulsus,
914 1056 1057 1127 Nuceriae

126 1135 225 1197 civem
244 1133 273 1198 le
291 1134 353 1199 fieri
372 1149 461 1199 curat
477 1138 515 1199 al.
533 1139 561 1200 P.
577 1138 635 1199 vid.
652 1141 687 1201 P.
706 1141 853 1224 Popillius.

86 1216 254 1291 LAENAS,
270 1219 326 1282 nu.
349 1239 400 1292 12,
419 1237 462 1299 ¹3·
480 1239 526 1294 14.
542 1237 641 1299 augur.

85 1296 272 1373 annulus,
287 1318 316 1361 v.
335 1298 450 1367 Len'ua.
714 1306 721 1349 t

82 1377 255 1450 LAETUS,
270 1379 327 1441 att.
347 1402 383 1455 4,
399 1401 428 1462 9·
452 1379 562 1441 amicus
588 1379 758 1458 Ciceronis,
772 1382 822 1461 qui
857 1383 983 1464 Neapoli
1006 1388 1059 1449 do-

125 1478 211 1521 mum
231 1457 334 1521 habuit
344 1481 357 1538 :⁴
368 1461 591 1542 nifilgendam:
616 1461 725 1524 Paetus.
854 1490 857 1512 ·

82 1539 296 1636 LAPPINUS,
310 1541 390 1604 Vera.
412 1561 445 1624 3,
468 1561 513 1626 54.
533 1553 647 1621 praetor
668 1541 794 1606 Siciliae.
809 1545 920 1627 quiden
929 1549 984 1631 seg.
1004 1547 1059 1612 Le·

80 1640 249 1778 Lffiillli,
269 1684 437 1798 Cispiussad
450 1703 515 1766 Dia.
538 1725 593 1779 ιο,
608 1703 653 1767 ι8.
665 1703 763 1767 Planci
772 1702 885 1846 lepatua
897 1706 964 1803 snit.
983 1709 1060 1771 Nota

125 1802 174 1861 ep.
189 1804 235 1844 21.
253 1783 351 1845 dicatur
365 1787 485 1846 ontnilus
500 1785 600 1847 Planci
615 1787 691 1846 relus
704 1786 783 1869 gestis
806 1787 955 1870 ntetfutffi‚
966 1786 994 1848 a
1004 1786 1060 1851 dis-

126 1861 391 1943 celsuslegatorum
402 1911 411 1941 ,
421 1889 474 1927 non
486 1869 569 1950 potest
581 1868 697 1949 intelligi
708 1870 759 1949 nist
772 1870 804 1945 de
812 1871 905 1931 Laevo
920 1868 1059 1937 auena.

83 1942 217 2021 LAJUS,
233 1943 319 2008 Tusc.
338 1970 377 2023 4,
399 1965 443 2028 33.
463 1947 524 2009 Fet.
549 1968 592 2030 13.
613 1949 712 2032 Oedipi
721 1967 809 2039 pater.

82 2025 170 2090 Lnls
182 2071 191 2100 ,
203 2026 241 2087 ad
253 2025 319 2095 Diu.
340 2050 379 2110 9,
398 2027 445 2089 26.
465 2025 592 2089 scortum
605 2029 731 2092 Athenin
744 2028 862 2105 nobile,
874 2050 933 2110 quo
945 2033 974 2094 de
987 2030 1069 2100 Ari·-

126 2106 238 2184 stippus
254 2105 321 2169 usus
339 2107 387 2168 est.
409 2107 475 2170 Eius
493 2109 604 2171 ditium
620 2111 657 2171 de
675 2130 718 2172 ea.

80 2187 228 2260 lamia,
243 2187 327 2250 Vera.
340 2213 377 2264 4,
396 2191 441 2251 26.
459 2190 565 2250 semina
581 2190 741 2270 Segestana.

83 2269 118 2332 L.
136 2268 280 2343 unuln,
296 2293 329 2329 ex
349 2270 448 2330 Aeliis.
470 2271 505 2330 ad
523 2270 588 2331 Diu.
608 2293 663 2345 12,
684 2293 730 2355 ²9·
747 2274 862 2350 negotia
882 2274 912 2332 in
928 2272 995 2335 Alta
1009 2273 1059 2336 ha-

128 2350 189 2412 bet.
213 2348 280 2411 Sen.
295 2370 323 2428 p.
339 2350 409 2412 Red.
435 2371 459 2432 5.
479 2352 557 2413 Sext.
578 2371 603 2432 3.
625 2370 712 2428 eques
727 2354 811 2415 Rom.
832 2374 849 2413 a
866 2352 967 2414 Pisone
985 2354 1058 2416 Cae·

126 2431 233 2493 sonino
255 2430 344 2494 Cuns.
363 2433 393 2490 in
414 2430 544 2493 exsilium
566 2431 606 2491 ire
628 2432 763 2507 iubetur,
788 2436 877 2514 quod,
893 2434 1059 2514 manifestata

125 2513 312 2574 coniuratione
334 2513 492 2587 Catilinae,
512 2515 542 2572 in
564 2513 657 2585 primis
677 2515 801 2596 senatum
821 2512 971 2595 defenderat
987 2513 1015 2572 ee
1029 2517 1058 2574 in

124 2596 198 2656 clivo
218 2595 373 2676 Capitolino
382 2597 497 2673 steterat.
508 2595 545 2655 ad
559 2593 623 2655 Dlv.
639 2614 692 2669 11,
713 2595 757 2660 16.
776 2615 821 2675 17.
836 2606 998 2672 praeturam
1009 2613 1058 2673 pe·

126 2677 164 2736 tit
180 2677 313 2736 Antonio
329 2678 355 2737 ἃ
373 2674 525 2739 Dolabella
543 2674 617 2737 Coss.

89 2755 328 2829 LAOMEDON,
349 2755 434 2818 Tusc.
461 2779 495 2831 r,
512 2759 560 2820 26.
572 2756 748 2837 Ganymedis
763 2767 851 2836 pater.

89 2836 268 2979 LAEGIUS,
299 2837 349 2900 Or.
378 2860 416 2912 2,
448 2858 493 2922 59.
523 2863 537 2898 e
561 2839 730 2916 Scriboniis,
759 2840 826 2900 ment
855 2859 971 2915 nornen,
989 2838 1060 2922 quod

202 2941 244 2979 us.
1098 2965 1104 2976 .

89 2997 162 3061 LAR
190 2997 257 3073 US,
276 2999 313 3059 ad
331 2998 397 3061 Div.
415 2999 452 3072 6,
473 2999 500 3061 8.
1072 2986 1091 3041 s

89 3079 253 3152 LARTFS,
268 3082 318 3162 seu
332 3080 425 3162 potius
446 3079 501 3140 Lar
517 3079 563 3141 vel
580 3080 647 3141 Lars
664 3081 848 3142 Tolumnius.
877 3077 949 3141 Phil.
966 3100 1003 3160 9,
1028 3103 1057 3161 9.

127 3180 179 3222 rex
195 3160 376 3232 Veientium,
394 3161 443 3237 qui
458 3178 579 3238 quatuor
597 3160 681 3221 Rom.
696 3160 805 3238 legator
823 3159 938 3221 Fidenis
954 3159 1057 3221 interc-

126 3242 192 3306 mit.
213 3243 278 3302 Fuit
297 3261 382 3302 autem
398 3245 446 3302 ltoc
462 3263 620 3324 praenomen
636 3240 798 3322 dignitatis,
815 3239 843 3299 (e
857 3241 960 3321 regibus
975 3242 1058 3300 anmi⁴

127 3325 179 3383 bus
194 3344 337 3383 commune.
430 3367 443 3387 .

89 3402 313 3475 LARTIDIUS,
333 3404 396 3464 Ate.
418 3424 491 3484 7,1.
512 3424 625 3478 nanta,
644 3424 696 3484 quo
711 3401 796 3462 utitur
812 3401 851 3460 ad
869 3399 1003 3461 Milonem
1019 3422 1057 3460 re·

122 3486 345 3567 prehendendum.

89 3564 131 3630 Μ,
150 3563 381 3629 LATERENSIS
393 3564 579 3639 ,eluvenciit
600 3564 662 3627 Att.
686 3586 716 3637 2,
737 3584 784 3643 17.
801 3561 979 3624 tribunatum
997 3583 1057 3625 non

127 3647 217 3724 petit,
238 3666 276 3706 ne
293 3647 367 3706 iuret
386 3647 416 3705 in
433 3643 559 3707 Caesaris
575 3644 671 3723 legem
688 3644 849 3722 Agrariam.
864 3664 890 3708 v.
910 3648 968 3706 Lex
985 3647 1058 3706 lulio

127 3728 259 3809 Agraria.
279 3725 375 3789 Plane.
398 3748 420 3788 1.
440 3724 578 3785 studiosus
599 3727 756 3788 Ciceronis
772 3723 921 3787 Plancium
941 3726 977 3787 de
995 3746 1057 3786 am-

127 3808 192 3869 bitu
210 3807 340 3881 accusat,
359 3807 437 3886 quod
456 3805 514 3883 ipse
530 3807 559 3865 in
579 3825 612 3866 ea
626 3808 766 3885 petitione
783 3805 925 3885 repulsam
942 3806 1056 3882 tulerat,

128 3891 166 3950 ad
186 3889 251 3950 Diu.
272 3889 308 3964 8,
325 3888 352 3948 8.
373 3900 486 3967 praetor
503 3885 643 3948 Marcello
663 3890 689 3949 u
708 3887 807 3950 Paullo
824 3889 901 3951 Coss.
925 3890 1059 3965 ignorant

129 3968 252 4031 tilsrmus
272 3968 343 4031 Iuris
368 3968 478 4032 Ciuilis.
498 3967 560 4028 Art.
587 3989 826 4049 12‚17.augur.
848 3971 884 4030 ad
910 3969 974 4029 Div.
999 3988 1055 4043 ιο,
1123 4008 1126 4013 ·

131 4072 179 4112 21.
214 4050 336 4130 legatus
354 4051 397 4115 Μ.
415 4048 535 4128 lepidi:
553 4049 598 4132 qui
611 4051 714 4137 seipse
732 4053 876 4132 interfecit,
894 4070 951 4109 eunt
973 4049 1057 4131 Lepi-

765 4135 871 4222 114
