<?xml version="1.0" encoding="UTF-8"?>
<!DOCTYPE html PUBLIC "-//W3C//DTD XHTML 1.0 Transitional//EN"
    "http://www.w3.org/TR/xhtml1/DTD/xhtml1-transitional.dtd">
<html xmlns="http://www.w3.org/1999/xhtml" xml:lang="en" lang="en">
 <head>
  <title>
</title>
<meta http-equiv="Content-Type" content="text/html;charset=utf-8" />
  <meta name='ocr-system' content='tesseract 3.04.00' />
  <meta name='ocr-capabilities' content='ocr_page ocr_carea ocr_par ocr_line ocrx_word'/>
</head>
<body>
  <div class='ocr_page' id='page_1' title='image "./mtulliiciceroni01plutgoog_0133.png"; bbox 0 0 2340 4628; ppageno 0'>
   <div class='ocr_carea' id='block_1_1' title="bbox 54 39 1142 437">
    <p class='ocr_par' dir='ltr' id='par_1_1' title="bbox 54 39 1142 437">
     <span class='ocr_line' id='line_1_1' title="bbox 54 39 1142 305; baseline -0.024 0"><span class='ocrx_word' id='word_1_1' title='bbox 54 39 1142 305; x_wconf 59' lang='lat' dir='ltr'>m</span> 
     </span>
     <span class='ocr_line' id='line_1_2' title="bbox 534 334 540 349; baseline 0 0"><span class='ocrx_word' id='word_1_2' title='bbox 534 334 540 349; x_wconf 76' lang='lat' dir='ltr'>t</span> 
     </span>
     <span class='ocr_line' id='line_1_3' title="bbox 1097 428 1101 437; baseline 0 0"><span class='ocrx_word' id='word_1_3' title='bbox 1097 428 1101 437; x_wconf 90' lang='grc' dir='ltr'>ι</span> 
     </span>
    </p>
   </div>
   <div class='ocr_carea' id='block_1_2' title="bbox 146 646 880 727">
    <p class='ocr_par' dir='ltr' id='par_1_2' title="bbox 146 646 880 727">
     <span class='ocr_line' id='line_1_4' title="bbox 146 646 880 727; baseline -0.005 -1"><span class='ocrx_word' id='word_1_4' title='bbox 146 673 213 726; x_wconf 83' lang='lat'>122</span> <span class='ocrx_word' id='word_1_5' title='bbox 391 648 481 727; x_wconf 79' lang='lat' dir='ltr'>De</span> <span class='ocrx_word' id='word_1_6' title='bbox 526 646 880 724; x_wconf 71' lang='lat' dir='ltr'>ofrlctts</span> 
     </span>
    </p>
   </div>
   <div class='ocr_carea' id='block_1_3' title="bbox 91 808 1110 4207">
    <p class='ocr_par' dir='ltr' id='par_1_3' title="bbox 91 808 1110 4207">
     <span class='ocr_line' id='line_1_5' title="bbox 141 808 1100 912; baseline 0 -25"><span class='ocrx_word' id='word_1_7' title='bbox 141 829 232 887; x_wconf 86' lang='lat' dir='ltr'>certe</span> <span class='ocrx_word' id='word_1_8' title='bbox 246 808 375 888; x_wconf 84' lang='lat' dir='ltr'>violare</span> <span class='ocrx_word' id='word_1_9' title='bbox 391 813 532 887; x_wconf 88' lang='lat' dir='ltr'>alterum</span> <span class='ocrx_word' id='word_1_10' title='bbox 552 812 626 912; x_wconf 80' lang='lat' dir='ltr'>lege</span> <span class='ocrx_word' id='word_1_11' title='bbox 639 828 773 885; x_wconf 87' lang='lat' dir='ltr'>naturae</span> <span class='ocrx_word' id='word_1_12' title='bbox 791 808 1021 909; x_wconf 80' lang='lat' dir='ltr'>prohibemur.</span> <span class='ocrx_word' id='word_1_13' title='bbox 1040 820 1100 887; x_wconf 64' lang='lat' dir='ltr'>nl</span> 
     </span>
     <span class='ocr_line' id='line_1_6' title="bbox 142 921 1100 1022; baseline -0.001 -28"><span class='ocrx_word' id='word_1_14' title='bbox 142 941 350 997; x_wconf 75' lang='lat' dir='ltr'>fumantem</span> <span class='ocrx_word' id='word_1_15' title='bbox 377 922 542 1020; x_wconf 85' lang='lat' dir='ltr'>primum:</span> <span class='ocrx_word' id='word_1_16' title='bbox 572 948 690 997; x_wconf 82' lang='lat' dir='ltr'>verum</span> <span class='ocrx_word' id='word_1_17' title='bbox 721 921 823 1022; x_wconf 82' lang='lat' dir='ltr'>igitur</span> <span class='ocrx_word' id='word_1_18' title='bbox 847 942 883 996; x_wconf 90' lang='lat' dir='ltr'>et</span> <span class='ocrx_word' id='word_1_19' title='bbox 904 936 1100 1003; x_wconf 83' lang='lat' dir='ltr'>extremum.</span> 
     </span>
     <span class='ocr_line' id='line_1_7' title="bbox 91 1024 1097 1131; baseline -0.004 -26"><span class='ocrx_word' id='word_1_20' title='bbox 91 1052 127 1105; x_wconf 71' lang='lat' dir='ltr'>nt</span> <span class='ocrx_word' id='word_1_21' title='bbox 143 1032 232 1102; x_wconf 85' lang='lat' dir='ltr'>Nam</span> <span class='ocrx_word' id='word_1_22' title='bbox 248 1030 328 1104; x_wconf 87' lang='lat' dir='ltr'>illud</span> <span class='ocrx_word' id='word_1_23' title='bbox 340 1032 476 1131; x_wconf 84' lang='lat' dir='ltr'>quidem</span> <span class='ocrx_word' id='word_1_24' title='bbox 497 1030 676 1104; x_wconf 87' lang='lat' dir='ltr'>absurdum</span> <span class='ocrx_word' id='word_1_25' title='bbox 691 1029 760 1118; x_wconf 81' lang='lat' dir='ltr'>eli,</span> <span class='ocrx_word' id='word_1_26' title='bbox 772 1030 870 1128; x_wconf 88' lang='lat' dir='ltr'>quod</span> <span class='ocrx_word' id='word_1_27' title='bbox 886 1030 1027 1129; x_wconf 82' lang='lat' dir='ltr'>quidam</span> <span class='ocrx_word' id='word_1_28' title='bbox 1048 1024 1097 1101; x_wconf 88' lang='lat' dir='ltr'>di·</span> 
     </span>
     <span class='ocr_line' id='line_1_8' title="bbox 143 1137 1099 1236; baseline -0.002 -25"><span class='ocrx_word' id='word_1_29' title='bbox 143 1158 242 1229; x_wconf 87' lang='lat' dir='ltr'>cunt,</span> <span class='ocrx_word' id='word_1_30' title='bbox 261 1138 387 1236; x_wconf 81' lang='lat' dir='ltr'>parenti</span> <span class='ocrx_word' id='word_1_31' title='bbox 406 1139 437 1212; x_wconf 86' lang='lat' dir='ltr'>se</span> <span class='ocrx_word' id='word_1_32' title='bbox 461 1156 518 1211; x_wconf 87' lang='lat' dir='ltr'>aut</span> <span class='ocrx_word' id='word_1_33' title='bbox 540 1138 633 1213; x_wconf 76' lang='lat' dir='ltr'>fiatri</span> <span class='ocrx_word' id='word_1_34' title='bbox 654 1137 736 1209; x_wconf 88' lang='lat' dir='ltr'>nihil</span> <span class='ocrx_word' id='word_1_35' title='bbox 758 1137 985 1225; x_wconf 69' lang='lat' dir='ltr'>detracturos,</span> <span class='ocrx_word' id='word_1_36' title='bbox 1005 1158 1099 1221; x_wconf 79' lang='lat' dir='ltr'>cont·</span> 
     </span>
     <span class='ocr_line' id='line_1_9' title="bbox 143 1242 1100 1335; baseline 0 -16"><span class='ocrx_word' id='word_1_37' title='bbox 143 1248 239 1320; x_wconf 85' lang='lat' dir='ltr'>modi</span> <span class='ocrx_word' id='word_1_38' title='bbox 260 1246 308 1321; x_wconf 84' lang='lat' dir='ltr'>sui</span> <span class='ocrx_word' id='word_1_39' title='bbox 334 1248 454 1335; x_wconf 81' lang='lat' dir='ltr'>causa;</span> <span class='ocrx_word' id='word_1_40' title='bbox 477 1249 573 1321; x_wconf 87' lang='lat' dir='ltr'>aliam</span> <span class='ocrx_word' id='word_1_41' title='bbox 599 1244 761 1320; x_wconf 86' lang='lat' dir='ltr'>rationem</span> <span class='ocrx_word' id='word_1_42' title='bbox 785 1244 850 1319; x_wconf 82' lang='lat' dir='ltr'>effe</span> <span class='ocrx_word' id='word_1_43' title='bbox 871 1245 1000 1320; x_wconf 85' lang='lat' dir='ltr'>civium</span> <span class='ocrx_word' id='word_1_44' title='bbox 1026 1242 1100 1319; x_wconf 88' lang='lat' dir='ltr'>reli·</span> 
     </span>
     <span class='ocr_line' id='line_1_10' title="bbox 142 1352 1100 1454; baseline -0.002 -26"><span class='ocrx_word' id='word_1_45' title='bbox 142 1380 300 1454; x_wconf 81' lang='lat' dir='ltr'>quotum.-</span> <span class='ocrx_word' id='word_1_46' title='bbox 315 1356 352 1429; x_wconf 87' lang='lat' dir='ltr'>hi</span> <span class='ocrx_word' id='word_1_47' title='bbox 375 1356 434 1430; x_wconf 87' lang='lat' dir='ltr'>fibi</span> <span class='ocrx_word' id='word_1_48' title='bbox 457 1358 540 1430; x_wconf 87' lang='lat' dir='ltr'>nihil</span> <span class='ocrx_word' id='word_1_49' title='bbox 567 1354 666 1444; x_wconf 85' lang='lat' dir='ltr'>iuris,</span> <span class='ocrx_word' id='word_1_50' title='bbox 683 1375 717 1428; x_wconf 90' lang='lat' dir='ltr'>et</span> <span class='ocrx_word' id='word_1_51' title='bbox 737 1354 859 1428; x_wconf 85' lang='lat' dir='ltr'>nullam</span> <span class='ocrx_word' id='word_1_52' title='bbox 885 1352 1100 1440; x_wconf 75' lang='lat' dir='ltr'>facientem,</span> 
     </span>
     <span class='ocr_line' id='line_1_11' title="bbox 141 1465 1100 1550; baseline -0.003 -9"><span class='ocrx_word' id='word_1_53' title='bbox 141 1467 331 1541; x_wconf 78' lang='lat' dir='ltr'>communis</span> <span class='ocrx_word' id='word_1_54' title='bbox 347 1467 492 1540; x_wconf 80' lang='lat' dir='ltr'>utilitatis</span> <span class='ocrx_word' id='word_1_55' title='bbox 505 1468 599 1542; x_wconf 84' lang='lat' dir='ltr'>causa</span> <span class='ocrx_word' id='word_1_56' title='bbox 615 1466 758 1541; x_wconf 79' lang='lat' dir='ltr'>statuum</span> <span class='ocrx_word' id='word_1_57' title='bbox 773 1467 838 1542; x_wconf 83' lang='lat' dir='ltr'>effe</span> <span class='ocrx_word' id='word_1_58' title='bbox 855 1492 935 1541; x_wconf 88' lang='lat' dir='ltr'>cunr</span> <span class='ocrx_word' id='word_1_59' title='bbox 949 1465 1100 1550; x_wconf 77' lang='lat' dir='ltr'>civibtu3</span> 
     </span>
     <span class='ocr_line' id='line_1_12' title="bbox 142 1574 1103 1676; baseline 0 -25"><span class='ocrx_word' id='word_1_60' title='bbox 142 1603 230 1676; x_wconf 81' lang='lat' dir='ltr'>quae</span> <span class='ocrx_word' id='word_1_61' title='bbox 246 1577 402 1653; x_wconf 85' lang='lat' dir='ltr'>sententia</span> <span class='ocrx_word' id='word_1_62' title='bbox 425 1602 561 1652; x_wconf 83' lang='lat' dir='ltr'>omnent</span> <span class='ocrx_word' id='word_1_63' title='bbox 581 1579 769 1654; x_wconf 89' lang='lat' dir='ltr'>societatem</span> <span class='ocrx_word' id='word_1_64' title='bbox 791 1578 937 1653; x_wconf 84' lang='lat' dir='ltr'>distrahit</span> <span class='ocrx_word' id='word_1_65' title='bbox 953 1574 1103 1653; x_wconf 80' lang='lat' dir='ltr'>civitatis.</span> 
     </span>
     <span class='ocr_line' id='line_1_13' title="bbox 142 1690 1100 1783; baseline 0.001 -23"><span class='ocrx_word' id='word_1_66' title='bbox 142 1691 214 1783; x_wconf 83' lang='lat' dir='ltr'>Qui</span> <span class='ocrx_word' id='word_1_67' title='bbox 236 1709 346 1763; x_wconf 83' lang='lat' dir='ltr'>autent</span> <span class='ocrx_word' id='word_1_68' title='bbox 365 1690 491 1764; x_wconf 85' lang='lat' dir='ltr'>civium</span> <span class='ocrx_word' id='word_1_69' title='bbox 511 1691 676 1764; x_wconf 87' lang='lat' dir='ltr'>rationem</span> <span class='ocrx_word' id='word_1_70' title='bbox 690 1691 806 1765; x_wconf 73' lang='lat' dir='ltr'>dicitnr</span> <span class='ocrx_word' id='word_1_71' title='bbox 823 1691 1100 1775; x_wconf 64' lang='lat' dir='ltr'>habendamm·</span> 
     </span>
     <span class='ocr_line' id='line_1_14' title="bbox 142 1792 1101 1899; baseline -0.005 -25"><span class='ocrx_word' id='word_1_72' title='bbox 142 1818 314 1874; x_wconf 83' lang='lat' dir='ltr'>ternorum</span> <span class='ocrx_word' id='word_1_73' title='bbox 338 1800 524 1899; x_wconf 79' lang='lat' dir='ltr'>negant3hi</span> <span class='ocrx_word' id='word_1_74' title='bbox 550 1801 709 1874; x_wconf 89' lang='lat' dir='ltr'>dirimunt</span> <span class='ocrx_word' id='word_1_75' title='bbox 728 1822 946 1874; x_wconf 85' lang='lat' dir='ltr'>communem</span> <span class='ocrx_word' id='word_1_76' title='bbox 968 1792 1101 1871; x_wconf 80' lang='lat' dir='ltr'>humani</span> 
     </span>
     <span class='ocr_line' id='line_1_15' title="bbox 142 1904 1102 2007; baseline -0.003 -25"><span class='ocrx_word' id='word_1_77' title='bbox 142 1907 273 2007; x_wconf 77' lang='lat' dir='ltr'>generis</span> <span class='ocrx_word' id='word_1_78' title='bbox 290 1907 591 2006; x_wconf 68' lang='lat' dir='ltr'>societatemque</span> <span class='ocrx_word' id='word_1_79' title='bbox 608 1907 747 1993; x_wconf 88' lang='lat' dir='ltr'>sublata,</span> <span class='ocrx_word' id='word_1_80' title='bbox 762 1904 1002 1998; x_wconf 80' lang='lat' dir='ltr'>beneficentia,</span> <span class='ocrx_word' id='word_1_81' title='bbox 1022 1905 1102 1979; x_wconf 84' lang='lat' dir='ltr'>libe·</span> 
     </span>
     <span class='ocr_line' id='line_1_16' title="bbox 144 2010 1104 2117; baseline 0 -28"><span class='ocrx_word' id='word_1_82' title='bbox 144 2017 281 2117; x_wconf 77' lang='lat' dir='ltr'>ralitas,</span> <span class='ocrx_word' id='word_1_83' title='bbox 297 2018 444 2109; x_wconf 76' lang='lat' dir='ltr'>bonitas,</span> <span class='ocrx_word' id='word_1_84' title='bbox 459 2018 578 2092; x_wconf 86' lang='lat' dir='ltr'>iustitia</span> <span class='ocrx_word' id='word_1_85' title='bbox 599 2018 745 2092; x_wconf 81' lang='lat' dir='ltr'>funditus</span> <span class='ocrx_word' id='word_1_86' title='bbox 763 2017 911 2091; x_wconf 81' lang='lat' dir='ltr'>tollitur:</span> <span class='ocrx_word' id='word_1_87' title='bbox 937 2040 1027 2115; x_wconf 73' lang='lat' dir='ltr'>qliae</span> <span class='ocrx_word' id='word_1_88' title='bbox 1044 2010 1104 2112; x_wconf 82' lang='lat' dir='ltr'>qui</span> 
     </span>
     <span class='ocr_line' id='line_1_17' title="bbox 145 2122 1104 2223; baseline -0.002 -25"><span class='ocrx_word' id='word_1_89' title='bbox 145 2126 287 2215; x_wconf 88' lang='lat' dir='ltr'>tollunt,</span> <span class='ocrx_word' id='word_1_90' title='bbox 304 2129 402 2202; x_wconf 87' lang='lat' dir='ltr'>etiam</span> <span class='ocrx_word' id='word_1_91' title='bbox 428 2128 583 2202; x_wconf 83' lang='lat' dir='ltr'>adversus</span> <span class='ocrx_word' id='word_1_92' title='bbox 609 2129 691 2200; x_wconf 85' lang='lat' dir='ltr'>deos</span> <span class='ocrx_word' id='word_1_93' title='bbox 710 2126 913 2199; x_wconf 84' lang='lat' dir='ltr'>immortales</span> <span class='ocrx_word' id='word_1_94' title='bbox 933 2122 1031 2223; x_wconf 83' lang='lat' dir='ltr'>impii</span> <span class='ocrx_word' id='word_1_95' title='bbox 1054 2124 1104 2196; x_wconf 85' lang='lat' dir='ltr'>iu·</span> 
     </span>
     <span class='ocr_line' id='line_1_18' title="bbox 143 2234 1105 2314; baseline -0.003 -4"><span class='ocrx_word' id='word_1_96' title='bbox 143 2238 276 2312; x_wconf 79' lang='lat' dir='ltr'>dicandi</span> <span class='ocrx_word' id='word_1_97' title='bbox 294 2240 376 2312; x_wconf 89' lang='lat' dir='ltr'>sunt.</span> <span class='ocrx_word' id='word_1_98' title='bbox 396 2242 438 2313; x_wconf 89' lang='lat' dir='ltr'>ab</span> <span class='ocrx_word' id='word_1_99' title='bbox 458 2242 499 2314; x_wconf 81' lang='lat' dir='ltr'>iis</span> <span class='ocrx_word' id='word_1_100' title='bbox 513 2241 604 2313; x_wconf 87' lang='lat' dir='ltr'>enim</span> <span class='ocrx_word' id='word_1_101' title='bbox 623 2239 830 2313; x_wconf 83' lang='lat' dir='ltr'>constitutam</span> <span class='ocrx_word' id='word_1_102' title='bbox 846 2238 933 2309; x_wconf 88' lang='lat' dir='ltr'>inter</span> <span class='ocrx_word' id='word_1_103' title='bbox 950 2234 1105 2308; x_wconf 70' lang='lat' dir='ltr'>homines</span> 
     </span>
     <span class='ocr_line' id='line_1_19' title="bbox 143 2346 1104 2436; baseline 0.002 -15"><span class='ocrx_word' id='word_1_104' title='bbox 143 2346 332 2422; x_wconf 84' lang='lat' dir='ltr'>societatem</span> <span class='ocrx_word' id='word_1_105' title='bbox 343 2366 513 2436; x_wconf 85' lang='lat' dir='ltr'>evenunt;</span> <span class='ocrx_word' id='word_1_106' title='bbox 523 2351 617 2425; x_wconf 86' lang='lat' dir='ltr'>cuius</span> <span class='ocrx_word' id='word_1_107' title='bbox 628 2348 791 2423; x_wconf 86' lang='lat' dir='ltr'>societatis</span> <span class='ocrx_word' id='word_1_108' title='bbox 803 2347 1017 2422; x_wconf 74' lang='lat' dir='ltr'>atdiffimum</span> <span class='ocrx_word' id='word_1_109' title='bbox 1030 2350 1104 2423; x_wconf 82' lang='lat' dir='ltr'>viu·</span> 
     </span>
     <span class='ocr_line' id='line_1_20' title="bbox 143 2456 1107 2558; baseline 0 -26"><span class='ocrx_word' id='word_1_110' title='bbox 143 2456 256 2532; x_wconf 82' lang='lat' dir='ltr'>culum</span> <span class='ocrx_word' id='word_1_111' title='bbox 278 2456 345 2544; x_wconf 87' lang='lat' dir='ltr'>est,</span> <span class='ocrx_word' id='word_1_112' title='bbox 367 2459 470 2558; x_wconf 82' lang='lat' dir='ltr'>magis</span> <span class='ocrx_word' id='word_1_113' title='bbox 497 2458 648 2532; x_wconf 88' lang='lat' dir='ltr'>arbitrari</span> <span class='ocrx_word' id='word_1_114' title='bbox 678 2459 744 2533; x_wconf 80' lang='lat' dir='ltr'>elle</span> <span class='ocrx_word' id='word_1_115' title='bbox 778 2477 894 2533; x_wconf 84' lang='lat' dir='ltr'>contra</span> <span class='ocrx_word' id='word_1_116' title='bbox 925 2478 1107 2551; x_wconf 77' lang='lat' dir='ltr'>naturam,</span> 
     </span>
     <span class='ocr_line' id='line_1_21' title="bbox 143 2567 1106 2668; baseline -0.002 -27"><span class='ocrx_word' id='word_1_117' title='bbox 143 2567 315 2642; x_wconf 83' lang='lat' dir='ltr'>hominem</span> <span class='ocrx_word' id='word_1_118' title='bbox 339 2569 471 2668; x_wconf 86' lang='lat' dir='ltr'>homini</span> <span class='ocrx_word' id='word_1_119' title='bbox 490 2571 684 2656; x_wconf 81' lang='lat' dir='ltr'>detrahere,</span> <span class='ocrx_word' id='word_1_120' title='bbox 711 2570 758 2643; x_wconf 87' lang='lat' dir='ltr'>sui</span> <span class='ocrx_word' id='word_1_121' title='bbox 782 2568 958 2644; x_wconf 82' lang='lat' dir='ltr'>commodi</span> <span class='ocrx_word' id='word_1_122' title='bbox 982 2568 1106 2660; x_wconf 84' lang='lat' dir='ltr'>causa,</span> 
     </span>
     <span class='ocr_line' id='line_1_22' title="bbox 139 2674 1108 2773; baseline 0 -27"><span class='ocrx_word' id='word_1_123' title='bbox 139 2699 244 2773; x_wconf 81' lang='lat' dir='ltr'>quam</span> <span class='ocrx_word' id='word_1_124' title='bbox 257 2676 371 2748; x_wconf 90' lang='lat' dir='ltr'>omnia</span> <span class='ocrx_word' id='word_1_125' title='bbox 383 2676 600 2750; x_wconf 88' lang='lat' dir='ltr'>incommoda</span> <span class='ocrx_word' id='word_1_126' title='bbox 614 2677 720 2750; x_wconf 89' lang='lat' dir='ltr'>subire</span> <span class='ocrx_word' id='word_1_127' title='bbox 734 2677 791 2752; x_wconf 81' lang='lat' dir='ltr'>vel</span> <span class='ocrx_word' id='word_1_128' title='bbox 802 2686 955 2764; x_wconf 78' lang='lat' dir='ltr'>externa,</span> <span class='ocrx_word' id='word_1_129' title='bbox 966 2674 1023 2747; x_wconf 87' lang='lat' dir='ltr'>vel</span> <span class='ocrx_word' id='word_1_130' title='bbox 1032 2697 1108 2748; x_wconf 88' lang='lat' dir='ltr'>cor·</span> 
     </span>
     <span class='ocr_line' id='line_1_23' title="bbox 144 2782 1109 2884; baseline 0.006 -30"><span class='ocrx_word' id='word_1_131' title='bbox 144 2783 257 2880; x_wconf 86' lang='lat' dir='ltr'>poris,</span> <span class='ocrx_word' id='word_1_132' title='bbox 273 2784 329 2856; x_wconf 84' lang='lat' dir='ltr'>vel</span> <span class='ocrx_word' id='word_1_133' title='bbox 349 2785 450 2859; x_wconf 83' lang='lat' dir='ltr'>etiam</span> <span class='ocrx_word' id='word_1_134' title='bbox 469 2786 568 2881; x_wconf 81' lang='lat' dir='ltr'>ipsius</span> <span class='ocrx_word' id='word_1_135' title='bbox 589 2787 714 2874; x_wconf 87' lang='lat' dir='ltr'>animi,</span> <span class='ocrx_word' id='word_1_136' title='bbox 737 2808 822 2884; x_wconf 88' lang='lat' dir='ltr'>quae</span> <span class='ocrx_word' id='word_1_137' title='bbox 839 2804 959 2858; x_wconf 86' lang='lat' dir='ltr'>vacent</span> <span class='ocrx_word' id='word_1_138' title='bbox 978 2782 1109 2860; x_wconf 76' lang='lat' dir='ltr'>iustitia.</span> 
     </span>
     <span class='ocr_line' id='line_1_24' title="bbox 144 2892 1109 2988; baseline 0.005 -24"><span class='ocrx_word' id='word_1_139' title='bbox 144 2892 226 2988; x_wconf 79' lang='lat' dir='ltr'>lraec</span> <span class='ocrx_word' id='word_1_140' title='bbox 249 2894 338 2966; x_wconf 84' lang='lat' dir='ltr'>enirn</span> <span class='ocrx_word' id='word_1_141' title='bbox 360 2919 424 2967; x_wconf 89' lang='lat' dir='ltr'>una</span> <span class='ocrx_word' id='word_1_142' title='bbox 446 2895 574 2984; x_wconf 85' lang='lat' dir='ltr'>virtus,</span> <span class='ocrx_word' id='word_1_143' title='bbox 597 2896 749 2969; x_wconf 89' lang='lat' dir='ltr'>omnium</span> <span class='ocrx_word' id='word_1_144' title='bbox 772 2895 820 2970; x_wconf 87' lang='lat' dir='ltr'>est</span> <span class='ocrx_word' id='word_1_145' title='bbox 840 2895 976 2970; x_wconf 85' lang='lat' dir='ltr'>domina</span> <span class='ocrx_word' id='word_1_146' title='bbox 997 2917 1033 2970; x_wconf 92' lang='lat' dir='ltr'>et</span> <span class='ocrx_word' id='word_1_147' title='bbox 1054 2920 1109 2969; x_wconf 85' lang='lat' dir='ltr'>re·</span> 
     </span>
     <span class='ocr_line' id='line_1_25' title="bbox 93 3002 1109 3105; baseline 0.007 -32"><span class='ocrx_word' id='word_1_148' title='bbox 93 3035 127 3089; x_wconf 74' lang='grc' dir='ltr'>ι,</span> <span class='ocrx_word' id='word_1_149' title='bbox 143 3004 219 3104; x_wconf 81' lang='lat' dir='ltr'>gina</span> <span class='ocrx_word' id='word_1_150' title='bbox 230 3002 403 3078; x_wconf 87' lang='lat' dir='ltr'>virtutum.</span> <span class='ocrx_word' id='word_1_151' title='bbox 416 3004 562 3079; x_wconf 79' lang='lat' dir='ltr'>Forsitan</span> <span class='ocrx_word' id='word_1_152' title='bbox 578 3004 741 3103; x_wconf 85' lang='lat' dir='ltr'>quispiam</span> <span class='ocrx_word' id='word_1_153' title='bbox 757 3006 894 3079; x_wconf 78' lang='lat' dir='ltr'>dixerit:</span> <span class='ocrx_word' id='word_1_154' title='bbox 909 3008 1034 3080; x_wconf 82' lang='lat' dir='ltr'>Nonne</span> <span class='ocrx_word' id='word_1_155' title='bbox 1045 3005 1109 3105; x_wconf 78' lang='lat' dir='ltr'>igi·</span> 
     </span>
     <span class='ocr_line' id='line_1_26' title="bbox 142 3115 1108 3214; baseline 0.001 -22"><span class='ocrx_word' id='word_1_156' title='bbox 142 3136 198 3192; x_wconf 87' lang='lat' dir='ltr'>tur</span> <span class='ocrx_word' id='word_1_157' title='bbox 219 3117 362 3214; x_wconf 86' lang='lat' dir='ltr'>sapiens,</span> <span class='ocrx_word' id='word_1_158' title='bbox 382 3116 407 3189; x_wconf 84' lang='lat' dir='ltr'>li</span> <span class='ocrx_word' id='word_1_159' title='bbox 429 3115 519 3191; x_wconf 88' lang='lat' dir='ltr'>fame</span> <span class='ocrx_word' id='word_1_160' title='bbox 538 3116 606 3214; x_wconf 83' lang='lat' dir='ltr'>ipse</span> <span class='ocrx_word' id='word_1_161' title='bbox 628 3116 849 3207; x_wconf 79' lang='lat' dir='ltr'>conficiatur,</span> <span class='ocrx_word' id='word_1_162' title='bbox 869 3116 1037 3191; x_wconf 83' lang='lat' dir='ltr'>abstulerit</span> <span class='ocrx_word' id='word_1_163' title='bbox 1057 3117 1108 3193; x_wconf 85' lang='lat' dir='ltr'>ci·</span> 
     </span>
     <span class='ocr_line' id='line_1_27' title="bbox 143 3229 1110 3328; baseline -0.002 -22"><span class='ocrx_word' id='word_1_164' title='bbox 143 3230 224 3306; x_wconf 88' lang='lat' dir='ltr'>bum</span> <span class='ocrx_word' id='word_1_165' title='bbox 238 3231 351 3319; x_wconf 88' lang='lat' dir='ltr'>alteri,</span> <span class='ocrx_word' id='word_1_166' title='bbox 363 3230 492 3305; x_wconf 87' lang='lat' dir='ltr'>homini</span> <span class='ocrx_word' id='word_1_167' title='bbox 510 3230 553 3304; x_wconf 82' lang='lat' dir='ltr'>ad</span> <span class='ocrx_word' id='word_1_168' title='bbox 567 3230 687 3304; x_wconf 87' lang='lat' dir='ltr'>nullam</span> <span class='ocrx_word' id='word_1_169' title='bbox 705 3249 831 3328; x_wconf 88' lang='lat' dir='ltr'>partem</span> <span class='ocrx_word' id='word_1_170' title='bbox 842 3229 945 3303; x_wconf 75' lang='lat' dir='ltr'>utili?</span> <span class='ocrx_word' id='word_1_171' title='bbox 966 3232 1110 3304; x_wconf 79' lang='lat' dir='ltr'>Minime</span> 
     </span>
     <span class='ocr_line' id='line_1_28' title="bbox 142 3339 1108 3436; baseline -0.003 -19"><span class='ocrx_word' id='word_1_172' title='bbox 142 3366 239 3417; x_wconf 86' lang='lat' dir='ltr'>vero.</span> <span class='ocrx_word' id='word_1_173' title='bbox 254 3367 323 3416; x_wconf 92' lang='lat' dir='ltr'>non</span> <span class='ocrx_word' id='word_1_174' title='bbox 342 3344 429 3417; x_wconf 89' lang='lat' dir='ltr'>enim</span> <span class='ocrx_word' id='word_1_175' title='bbox 444 3341 526 3414; x_wconf 88' lang='lat' dir='ltr'>mihi</span> <span class='ocrx_word' id='word_1_176' title='bbox 540 3339 588 3415; x_wconf 86' lang='lat' dir='ltr'>est</span> <span class='ocrx_word' id='word_1_177' title='bbox 601 3340 670 3414; x_wconf 86' lang='lat' dir='ltr'>vita</span> <span class='ocrx_word' id='word_1_178' title='bbox 689 3365 762 3413; x_wconf 88' lang='lat' dir='ltr'>mea</span> <span class='ocrx_word' id='word_1_179' title='bbox 779 3339 907 3425; x_wconf 88' lang='lat' dir='ltr'>utilior,</span> <span class='ocrx_word' id='word_1_180' title='bbox 920 3361 1023 3436; x_wconf 87' lang='lat' dir='ltr'>quam</span> <span class='ocrx_word' id='word_1_181' title='bbox 1036 3339 1108 3414; x_wconf 89' lang='lat' dir='ltr'>ani·</span> 
     </span>
     <span class='ocr_line' id='line_1_29' title="bbox 143 3448 1108 3543; baseline 0.003 -21"><span class='ocrx_word' id='word_1_182' title='bbox 143 3450 193 3523; x_wconf 90' lang='lat' dir='ltr'>mi</span> <span class='ocrx_word' id='word_1_183' title='bbox 210 3453 281 3526; x_wconf 87' lang='lat' dir='ltr'>talis</span> <span class='ocrx_word' id='word_1_184' title='bbox 293 3451 447 3543; x_wconf 71' lang='lat' dir='ltr'>affettio,</span> <span class='ocrx_word' id='word_1_185' title='bbox 461 3451 628 3525; x_wconf 88' lang='lat' dir='ltr'>neminem</span> <span class='ocrx_word' id='word_1_186' title='bbox 651 3466 688 3523; x_wconf 89' lang='lat' dir='ltr'>ut</span> <span class='ocrx_word' id='word_1_187' title='bbox 710 3449 836 3523; x_wconf 87' lang='lat' dir='ltr'>violem</span> <span class='ocrx_word' id='word_1_188' title='bbox 850 3450 1026 3523; x_wconf 85' lang='lat' dir='ltr'>commodi</span> <span class='ocrx_word' id='word_1_189' title='bbox 1039 3448 1108 3525; x_wconf 84' lang='lat' dir='ltr'>uei</span> 
     </span>
     <span class='ocr_line' id='line_1_30' title="bbox 143 3560 1107 3660; baseline 0.002 -28"><span class='ocrx_word' id='word_1_190' title='bbox 143 3563 259 3660; x_wconf 79' lang='lat' dir='ltr'>gratia.</span> <span class='ocrx_word' id='word_1_191' title='bbox 280 3563 399 3657; x_wconf 79' lang='lat' dir='ltr'>Quid?</span> <span class='ocrx_word' id='word_1_192' title='bbox 422 3564 446 3635; x_wconf 83' lang='lat' dir='ltr'>fi</span> <span class='ocrx_word' id='word_1_193' title='bbox 467 3562 649 3646; x_wconf 86' lang='lat' dir='ltr'>Phalarim,</span> <span class='ocrx_word' id='word_1_194' title='bbox 674 3560 840 3633; x_wconf 84' lang='lat' dir='ltr'>crudelem</span> <span class='ocrx_word' id='word_1_195' title='bbox 867 3577 1050 3659; x_wconf 82' lang='lat' dir='ltr'>tyrannum</span> <span class='ocrx_word' id='word_1_196' title='bbox 1071 3580 1107 3634; x_wconf 80' lang='lat' dir='ltr'>rt</span> 
     </span>
     <span class='ocr_line' id='line_1_31' title="bbox 136 3668 1109 3769; baseline 0 -25"><span class='ocrx_word' id='word_1_197' title='bbox 136 3668 338 3760; x_wconf 87' lang='lat' dir='ltr'>immanem,</span> <span class='ocrx_word' id='word_1_198' title='bbox 358 3672 555 3763; x_wconf 73' lang='lat' dir='ltr'>virbonus,</span> <span class='ocrx_word' id='word_1_199' title='bbox 582 3697 623 3745; x_wconf 91' lang='lat' dir='ltr'>ne</span> <span class='ocrx_word' id='word_1_200' title='bbox 637 3670 707 3767; x_wconf 85' lang='lat' dir='ltr'>ipse</span> <span class='ocrx_word' id='word_1_201' title='bbox 738 3669 863 3769; x_wconf 83' lang='lat' dir='ltr'>frigore</span> <span class='ocrx_word' id='word_1_202' title='bbox 885 3669 1109 3762; x_wconf 83' lang='lat' dir='ltr'>conficiatur,</span> 
     </span>
     <span class='ocr_line' id='line_1_32' title="bbox 96 3775 1110 3876; baseline -0.004 -19"><span class='ocrx_word' id='word_1_203' title='bbox 96 3804 127 3857; x_wconf 68' lang='lat' dir='ltr'>to</span> <span class='ocrx_word' id='word_1_204' title='bbox 143 3775 266 3852; x_wconf 84' lang='lat' dir='ltr'>vestitu</span> <span class='ocrx_word' id='word_1_205' title='bbox 286 3775 428 3876; x_wconf 86' lang='lat' dir='ltr'>spoliare</span> <span class='ocrx_word' id='word_1_206' title='bbox 457 3781 580 3875; x_wconf 62' lang='lat' dir='ltr'>polin</span> <span class='ocrx_word' id='word_1_207' title='bbox 605 3804 717 3853; x_wconf 90' lang='lat' dir='ltr'>nonne</span> <span class='ocrx_word' id='word_1_208' title='bbox 738 3779 861 3855; x_wconf 74' lang='lat' dir='ltr'>faciat?</span> <span class='ocrx_word' id='word_1_209' title='bbox 878 3782 970 3854; x_wconf 85' lang='lat' dir='ltr'>Haec</span> <span class='ocrx_word' id='word_1_210' title='bbox 992 3780 1037 3853; x_wconf 87' lang='lat' dir='ltr'>ad</span> <span class='ocrx_word' id='word_1_211' title='bbox 1056 3779 1110 3853; x_wconf 88' lang='lat' dir='ltr'>iu·</span> 
     </span>
     <span class='ocr_line' id='line_1_33' title="bbox 144 3885 1110 3986; baseline -0.001 -24"><span class='ocrx_word' id='word_1_212' title='bbox 144 3888 320 3963; x_wconf 84' lang='lat' dir='ltr'>dicandum</span> <span class='ocrx_word' id='word_1_213' title='bbox 344 3888 418 3962; x_wconf 88' lang='lat' dir='ltr'>sunt</span> <span class='ocrx_word' id='word_1_214' title='bbox 440 3889 604 3965; x_wconf 84' lang='lat' dir='ltr'>facillima.</span> <span class='ocrx_word' id='word_1_215' title='bbox 628 3914 733 3974; x_wconf 87' lang='lat' dir='ltr'>nam,</span> <span class='ocrx_word' id='word_1_216' title='bbox 761 3885 784 3959; x_wconf 85' lang='lat' dir='ltr'>st</span> <span class='ocrx_word' id='word_1_217' title='bbox 804 3887 886 3986; x_wconf 89' lang='lat' dir='ltr'>quid</span> <span class='ocrx_word' id='word_1_218' title='bbox 911 3888 955 3961; x_wconf 83' lang='lat' dir='ltr'>ab</span> <span class='ocrx_word' id='word_1_219' title='bbox 969 3886 1110 3961; x_wconf 84' lang='lat' dir='ltr'>homine</span> 
     </span>
     <span class='ocr_line' id='line_1_34' title="bbox 143 3995 1109 4095; baseline -0.002 -24"><span class='ocrx_word' id='word_1_220' title='bbox 143 3997 186 4071; x_wconf 85' lang='lat' dir='ltr'>ad</span> <span class='ocrx_word' id='word_1_221' title='bbox 202 3995 323 4070; x_wconf 87' lang='lat' dir='ltr'>nullam</span> <span class='ocrx_word' id='word_1_222' title='bbox 335 4018 461 4095; x_wconf 85' lang='lat' dir='ltr'>partem</span> <span class='ocrx_word' id='word_1_223' title='bbox 475 3996 546 4070; x_wconf 87' lang='lat' dir='ltr'>utili</span> <span class='ocrx_word' id='word_1_224' title='bbox 560 4048 573 4087; x_wconf 91' lang='lat'>,</span> <span class='ocrx_word' id='word_1_225' title='bbox 585 4015 660 4071; x_wconf 88' lang='lat' dir='ltr'>tuae</span> <span class='ocrx_word' id='word_1_226' title='bbox 676 3995 823 4070; x_wconf 81' lang='lat' dir='ltr'>utilitatis</span> <span class='ocrx_word' id='word_1_227' title='bbox 835 3995 931 4069; x_wconf 87' lang='lat' dir='ltr'>causa</span> <span class='ocrx_word' id='word_1_228' title='bbox 951 3996 1109 4070; x_wconf 76' lang='lat' dir='ltr'>detraxe·</span> 
     </span>
     <span class='ocr_line' id='line_1_35' title="bbox 143 4102 1109 4207; baseline -0.008 -20"><span class='ocrx_word' id='word_1_229' title='bbox 143 4109 208 4196; x_wconf 71' lang='lat' dir='ltr'>tiu</span> <span class='ocrx_word' id='word_1_230' title='bbox 234 4106 410 4183; x_wconf 76' lang='lat' dir='ltr'>inhumane</span> <span class='ocrx_word' id='word_1_231' title='bbox 429 4102 583 4201; x_wconf 65' lang='lat' dir='ltr'>feceri,</span> <span class='ocrx_word' id='word_1_232' title='bbox 610 4125 790 4207; x_wconf 84' lang='lat' dir='ltr'>contraque</span> <span class='ocrx_word' id='word_1_233' title='bbox 815 4124 952 4183; x_wconf 83' lang='lat' dir='ltr'>naturae</span> <span class='ocrx_word' id='word_1_234' title='bbox 971 4105 1109 4207; x_wconf 76' lang='lat' dir='ltr'>legemr</span> 
     </span>
    </p>
   </div>
   <div class='ocr_carea' id='block_1_4' title="bbox 0 0 1185 4628">
    <p class='ocr_par' dir='ltr' id='par_1_4' title="bbox 0 0 1185 4628">
     <span class='ocr_line' id='line_1_36' title="bbox 0 0 1185 4628; baseline 0 0"><span class='ocrx_word' id='word_1_235' title='bbox 0 0 1185 4628; x_wconf 95' lang='lat' dir='ltr'> </span> 
     </span>
    </p>
   </div>
  </div>
 </body>
</html>
