2340 4628
170 687 241 763 ις.
412 646 899 737 neonrr'ctrs

166 828 227 926 qui
240 826 418 913 sciverunt,
431 842 468 898 ut
483 821 668 922 Aeginetis,
679 821 737 927 qui
755 822 851 898 clasl'e
862 822 1043 916 valebant,
1055 822 1131 923 pola

166 937 246 1010 lices
261 935 536 1032 praeciderentur.
550 936 618 1007 hoc
631 935 738 1039 visum
748 933 796 1008 est
809 936 899 1011 utile.
922 936 1127 1011 nimisenim

161 1042 369 1129 imminebat,
383 1058 521 1141 propter
533 1039 827 1140 propinquitatem,
841 1043 1126 1143 Aeginal’iraeco:

162 1154 219 1230 sed
234 1153 335 1241 nihil,
346 1153 441 1251 quod
452 1150 597 1239 crudele,
610 1151 699 1223 utile.
715 1149 761 1223 eli
774 1153 863 1225 enim
872 1155 1055 1229 hominum
1065 1180 1125 1227 na·

162 1276 267 1361 tutae,
282 1287 381 1361 quam
394 1256 487 1357 sequi
498 1259 665 1343 debemus,
679 1257 821 1333 maxime
833 1261 968 1338 inimica
984 1262 1122 1337 crudeli·

112 1399 145 1449 ιι
164 1390 222 1447 tas.
247 1370 334 1442 Male
348 1367 471 1456 etiam,
484 1365 542 1465 qui
560 1364 753 1462 peregrinos
772 1368 908 1465 urbibus
933 1372 985 1444 uti
1006 1369 1122 1468 proli..

107 1556 111 1561 .
161 1483 263 1571 bent,
276 1506 401 1579 eosque
426 1478 670 1566 exterminant,
694 1498 731 1551 ut
755 1481 884 1552 Pennus
902 1483 992 1579 apud
1018 1502 1123 1579 patres
1153 1565 1159 1581 ‚

162 1593 294 1666 nostros
303 1591 447 1685 ,Papius
460 1613 575 1686 nuper
602 1589 690 1659 Nam
705 1587 768 1664 effe
782 1590 1026 1692 procive,qui
1039 1592 1122 1667 civis

161 1700 269 1777 nonis
271 1724 309 1788 r
324 1699 451 1771 tellum
463 1699 510 1772 est
523 1723 592 1771 non
603 1697 720 1773 ltcere
736 1724 837 1796 qnam
849 1699 993 1774 mlerunt
1014 1703 1120 1802 legem

160 1755 562 1907 sapientillimiconsules‚
568 1806 704 1880 Crassus
720 1809 947 1884 etScaevola.
961 1811 1024 1884 usu
1036 1834 1120 1885 vero

159 1920 251 1995 urbis
264 1917 442 2015 prohibere
455 1904 658 2015 peregiinos,
671 1915 745 1990 sane
762 1917 981 1992 inhumanum
995 1919 1053 1995 est.
1066 1916 1121 1996 llla

157 2028 379 2126 praeclara,
370 2054 404 2099 ιιι
418 2026 537 2151 quibus
559 2024 710 2123 publicae
726 2025 876 2100 utilitatis
894 2026 1021 2125 species
1044 2056 1121 2128 prae

133 2142 136 2147 ’
158 2138 330 2216 lronellate
342 2138 577 2213 contemnitur.
598 2136 696 2210 Plena
711 2139 942 2236 exemplorum
955 2139 1120 2218 esinoslra

160 2247 361 2343 respublica,
386 2272 462 2320 cum
483 2245 597 2342 saepe,
627 2265 697 2321 tum
720 2250 865 2322 maxime
884 2249 974 2323 bello
994 2253 1120 2328 Punico

159 2355 322 2430 secundo:
339 2379 440 2454 quae,
458 2352 622 2451 Cannensi
647 2355 828 2429 calamitate
847 2380 1000 2456 accepta,
1014 2364 1119 2436 maio·

159 2490 213 2539 res
233 2465 362 2539 animos
375 2464 508 2550 habuit,
525 2490 625 2562 quam
641 2459 798 2563 'unquam
823 2467 922 2541 rebus
944 2470 1118 2547 secundis:

159 2573 249 2648 nulla
267 2574 398 2648 timoris
416 2572 633 2673 fignificatio,
656 2576 745 2646 nulla
762 2577 889 2648 mentio
911 2580 1012 2676 pacis.
1029 2604 1117 2658 tanta

111 2713 143 2777 43
159 2682 212 2759 vis
233 2681 280 2754 est
292 2681 440 2769 honesti
454 2699 490 2752 ut
509 2681 653 2777 speciem
667 2681 812 2757 utilitatis
827 2686 992 2764 obscuret
1015 2694 1116 2768 Athe·

159 2789 285 2861 nienses
305 2814 384 2862 cum
375 2786 595 2860 Persarum
586 2808 747 2885 impetum
762 2793 855 2866 nullo
870 2799 976 2870 modo
991 2801 1118 2895 possent

158 2899 334 2986 sustinere,
350 2899 611 2997 statueremque,
627 2919 665 2973 ut
679 2907 761 2976 urbe
775 2905 901 2997 relilla,
922 2911 1118 3011 coniugibus

158 3030 193 3082 et
213 3008 323 3081 liberis
340 3007 514 3080 Troezene
529 3007 703 3106 depostis,
717 3037 818 3087 naves
840 2961 1116 3111 coriscenderenr,
1150 3098 1153 3103 ,

158 3115 409 3215 libertatemque
424 3112 584 3187 Graeciae
600 3116 695 3189 classe
703 3118 930 3194 defenderent
921 3076 1117 3222 ,Cyrsiluul

159 3231 348 3330 quendem,
366 3230 576 3315 suadentem,
598 3247 635 3302 ut
655 3228 689 3300 in
712 3228 794 3302 urbe
813 3258 1006 3323 manerent,
1027 3240 1115 3311 Xer·

159 3366 303 3441 xemque
316 3343 519 3439 reciperent,
539 3340 701 3437 lapidibus
721 3341 913 3419 obruerunt.
935 3350 1047 3448 Atque
1063 3350 1117 3425 ille

160 3452 331 3524 utilitatem
350 3451 439 3551 sequi
454 3450 650 3525 videbatur:
676 3447 729 3521 sed
741 3475 779 3522 ea
799 3454 887 3527 nulla
906 3476 978 3531 erat
995 3485 1116 3559 repug-

112 3592 144 3642 ⁴9
161 3579 258 3632 nante
279 3560 458 3634 honestate.
488 3559 729 3635 Themislocles
754 3563 828 3659 post
849 3564 1027 3644 visloriam
1049 3571 1116 3646 eius

159 3668 237 3740 belli
245 3670 368 3766 ,quod
384 3695 459 3742 cum
481 3669 583 3744 Persis
605 3670 685 3761 fuit,
698 3671 788 3746 dixit
809 3673 843 3747 in
867 3680 1054 3773 concione,
1076 3684 1116 3755 Se

159 3775 281 3848 habere
301 3776 472 3848 consilium
497 3780 699 3877 reipublicae
723 3782 883 3875 salutare,
904 3788 959 3862 sed
986 3791 1023 3864 id
1046 3793 1116 3868 sciri

159 3908 247 3978 opus
262 3908 330 3956 uon
343 3883 419 3956 elle.
443 3886 638 4009 postulavit,
648 3910 685 3964 ut
698 3892 838 3993 aliquem
857 3888 1003 3996 populus
1015 3902 1117 3993 daret,

159 3991 295 4087 quicum
308 3997 577 4073 communicaret.
600 4000 641 4071 da
709 4003 755 4075 est
769 4006 936 4082 Arislides.
951 4006 1117 4101 HuIcille,

26 4091 31 4103 '
160 4023 782 4213 etmenucedaemoniorrffimae
803 4113 962 4228 subdudla
979 4122 1060 4201 effet
1079 4124 1117 4199 ad
