2340 4628
167 735 211 808 32
405 706 925 822 Deorttctts.

116 889 148 940 ot
163 875 247 959 Non
267 870 315 945 ell
330 870 735 959 componentium,
750 869 812 969 qui
834 883 926 945 metu
944 893 1016 942 non
1028 864 1120 942 fren-

124 1072 127 1077 .
160 1005 276 1082 genn,
292 1007 371 1056 eum
388 980 717 1080 frangicupiditate3
736 1006 815 1071 nec,
834 981 893 1080 qui
912 980 1075 1055 invictum
1086 981 1122 1055 se

159 1120 183 1166 a
202 1094 317 1167 labore
340 1089 559 1191 praestiterit,
580 1089 707 1166 vincia
726 1091 909 1187 voluptate.
933 1089 1117 1184 Quamob-

162 1230 234 1279 rem
261 1223 295 1278 et
319 1202 400 1281 haec
412 1201 585 1286 ,videndun
603 1218 637 1274 et
658 1200 817 1298 pecrmiae
836 1199 996 1298 fugienda
1018 1198 1121 1295 cupi·

165 1314 257 1387 ditas.
270 1312 353 1388 nihil
371 1312 461 1386 enim
480 1309 527 1383 est
543 1329 612 1383 tam
631 1311 759 1408 angusti
775 1311 1027 1410 animitamque
1043 1330 1122 1407 par·

164 1420 221 1508 vi,
240 1444 343 1521 quam
366 1442 477 1493 amare
502 1419 637 1498 divitias
656 1445 666 1491 t
690 1418 771 1493 nihil
796 1417 964 1493 honestius
986 1419 1120 1517 magni·

164 1532 404 1629 ficentiusque‚
429 1553 531 1626 quam
556 1529 728 1624 pecurrim
750 1553 988 1616 contemnere,
1007 1526 1033 1601 li
1050 1548 1121 1603 non

163 1641 302 1724 lnbeast
326 1638 350 1709 st
375 1634 516 1722 hebere.
533 1637 579 1711 ed
603 1635 855 1711 beneficentiam
875 1636 1122 1710 liberalitatem·

162 1773 230 1844 que
248 1743 414 1819 conferre.
433 1743 592 1819 Cavenda
614 1744 661 1819 est
677 1745 775 1818 etiarn
792 1746 920 1845 gloriae
938 1744 1122 1841 cupiditas,

164 1855 310 1952 utsupra
324 1852 404 1928 dixi.
423 1853 522 1951 eripit
538 1853 627 1927 enirn
647 1853 851 1944 libertatem,
865 1877 932 1951 pro
948 1877 1014 1949 qua
1027 1878 1123 1950 mag·

162 1963 304 2036 nanimis
319 1959 400 2034 viris
418 1961 528 2035 omnis
550 1962 650 2037 debet
669 1958 733 2033 elle
758 1962 943 2037 contentio.
967 1962 1043 2035 Nec
1057 1986 1121 2035 ve·

163 2094 204 2144 ro
214 2069 352 2167 imperia
364 2069 567 2165 expetenda,
584 2093 623 2145 ac
642 2071 775 2167 potius,
792 2090 850 2142 ant
867 2092 937 2144 non
953 2068 1123 2167 accipiere·

115 2189 148 2254 ⁶9
164 2180 207 2255 da
228 2179 415 2266 interdum,
431 2199 488 2252 aut
503 2179 700 2275 deponenda
720 2204 970 2277 nonnunquam.
991 2181 1123 2252 vacan-

161 2289 246 2379 ¹(lum
263 2305 371 2361 autem
390 2285 438 2361 est
451 2288 547 2361 omni
565 2287 667 2362 animi
687 2289 956 2386 perturbatione,
976 2307 1049 2361 turn
1068 2313 1124 2362 cu·

167 2396 303 2494 piditate
315 2412 350 2471 et
370 2413 483 2485 metu,
504 2414 575 2471 tum
592 2399 692 2471 etiam
713 2396 980 2495 aegritudine,et
993 2395 1122 2493 volup·

167 2524 232 2580 tate
254 2505 381 2597 animi,
400 2526 434 2583 et
455 2507 623 2582 iracundia
640 2533 653 2595 t
675 2526 714 2581 ut
735 2507 1005 2603 tranquillima
1025 2504 1122 2579 secu·

165 2616 247 2689 ritas
258 2612 360 2701 adit,
380 2640 466 2714 quae
479 2616 577 2692 affert
595 2641 672 2691 curn
689 2616 922 2705 constantiam,
934 2636 1008 2687 tum
1021 2613 1123 2688 etiarn

168 2725 373 2821 dignitatern.
399 2723 498 2797 Multi
521 2746 630 2798 autern
650 2744 685 2809 ct
704 2723 799 2813 sunt,
822 2745 856 2798 et
878 2722 1035 2809 fuerunt,
1063 2722 1124 2822 qui

167 2860 258 2921 earn,
278 2833 378 2932 quarn
393 2834 497 2920 dico,
520 2834 788 2933 tranquillitatem
807 2848 1020 2930 expetentes,
1034 2860 1055 2908 a
1068 2860 1125 2909 ne-

57 2993 61 3002 ·
167 2940 422 3041 gotiispublicis
436 2941 469 3016 se
484 2942 712 3031 removerint,
725 2943 766 3016 ad
778 2944 952 3041 otiumque
966 2941 1125 3041 perlinge-

168 3051 245 3123 rint.
258 3048 293 3122 in
306 3050 358 3124 his
369 3069 403 3123 et
414 3048 605 3124 nobiliffirni
621 3051 733 3148 philos
727 3053 832 3149 ophi,
846 3050 1012 3149 longeque
1032 3048 1126 3147 prin·

163 3161 278 3259 cipes,
292 3158 472 3259 etquidem
485 3160 637 3235 homines
655 3161 762 3237 severi
778 3181 962 3261 etgraves,
980 3186 1047 3234 nec
1064 3184 1130 3257 po·

99 3271 255 3372 puli,
267 3271 523 3370 necprincipurn
533 3269 741 3345 moresferre
752 3289 945 3371 potuerunt;
954 3269 1124 3343 vixerunt·

121 3410 154 3460 ιο
170 3407 237 3480 que
249 3380 422 3457 nonnulli
412 3407 448 3456 ιιι
459 3406 562 3482 agro
581 3379 730 3454 delectati
746 3405 783 3453 re
796 3380 852 3454 sua
866 3378 1028 3453 familiari.
1061 3378 1123 3457 His

170 3488 260 3562 idem
283 3487 494 3586 propofitutn
513 3486 576 3562 fuit
583 3487 706 3585 ,quod
726 3487 876 3587 regibus,
887 3505 924 3559 ut
944 3508 985 3558 ne
1001 3507 1068 3583 qua
1084 3511 1122 3559 re

163 3616 328 3696 egerent,
347 3623 389 3671 ne
403 3598 458 3673 cui
468 3616 621 3696 parerent
633 3651 646 3689 ,
658 3597 808 3673 libertate
821 3616 1012 3671 uterentur·
1001 3646 1015 3682 ,
1029 3596 1123 3691 cniu}

108 3729 151 3778 ιι
170 3706 345 3807 proprium
366 3706 435 3797 est,
452 3706 497 3782 lic
515 3709 651 3799 vivere,
669 3726 707 3783 ut
723 3709 814 3784 velis.
832 3710 1045 3807 Querecum
1058 3707 1126 3783 hoc

171 3841 355 3895 commune
377 3817 416 3892 fit
435 3820 604 3915 potentiae
624 3822 825 3919 cupidorum
846 3847 922 3896 curn
949 3821 1011 3907 iis,
1038 3844 1126 3919 quot

171 3930 263 4021 dixi,
277 3926 411 4015 otior„
432 3928 524 4002 alteri
545 3930 576 4005 se
588 3932 724 4031 adipisci
737 3933 772 4005 id
792 3930 883 4030 polle
903 3926 1126 4023 arbitrantur,

164 4040 198 4135 ,fi
220 4064 304 4141 opes
325 4063 459 4141 magnas
477 4039 641 4130 habeam
665 4041 780 4128 alteri,
794 4041 819 4113 fi
835 4038 984 4117 contenti
1008 4037 1072 4114 fint
1092 4061 1128 4114 et

132 4170 138 4195 ¹
173 4148 258 4248 suo,
273 4170 307 4228 et
324 4153 492 4252 parvolo
509 4175 579 4251 quo
598 4171 793 4229 neutrorum
810 4150 953 4227 omnino
972 4167 1128 4234 content-¹
