2340 4628
391 562 505 657 'ne
551 529 906 655 or'rtctrs

160 744 417 838 est,autnulle
439 742 813 842 omnino,perquem
836 739 1127 847 easaffopmmut.

161 856 285 930 nullam
310 855 424 930 diocte
448 854 671 928 maximarum
689 880 803 927 rerum
820 877 929 927 artem
950 852 1037 947 effe,
1051 881 1126 931 cum

161 962 375 1037 minimarum
394 962 462 1037 fine
478 983 547 1038 arte
565 963 654 1036 nulla
675 962 738 1048 lit,
756 962 934 1036 homiuum
949 960 1126 1061 estparum

161 1071 368 1147 conliderate
383 1072 722 1172 loquentium,atque
741 1070 943 1144 inmaximis
964 1072 1066 1145 rebus
1077 1096 1141 1167 er·—

160 1182 317 1256 rentium.
340 1181 364 1255 fi
379 1205 489 1258 autem
500 1182 548 1256 est
558 1184 667 1282 aliqua
679 1180 849 1279 disciplina
858 1183 1007 1270 virtutis,
1018 1183 1076 1256 ubi
1089 1206 1126 1255 ea

161 1309 359 1390 quaeretur,
377 1315 457 1365 cum
470 1292 512 1365 ab
530 1292 599 1365 hoe
620 1290 768 1366 discendi
785 1315 904 1389 genere
918 1287 1124 1366 discefl'erisl

162 1399 227 1473 Sed
239 1401 337 1486 haec,
349 1426 428 1474 cum
440 1402 482 1473 ad
495 1400 743 1498 philosophiam
755 1401 990 1491 cohortamur,
998 1424 1126 1474 accura-

162 1508 228 1583 tius
251 1508 409 1607 disputari
429 1507 554 1596 solent,
567 1508 660 1607 quod
680 1508 747 1581 alio
765 1507 913 1607 quodam
937 1507 1028 1581 libro
1045 1506 1126 1582 feci·

163 1641 249 1691 mus.
282 1619 360 1689 Hoc
385 1635 494 1689 autem
515 1636 669 1713 tempore
688 1632 817 1688 tantum
839 1612 937 1686 nobis
956 1612 1125 1688 declaran-

163 1725 244 1798 dum
263 1722 346 1811 fuir,
361 1749 421 1798 cut
439 1725 549 1798 orbati
562 1724 765 1822 reipublicae
778 1720 989 1808 muneribus,
1002 1723 1046 1795 ad
1062 1723 1127 1796 boc

130 1859 227 1922 7nos
251 1832 393 1908 studium
413 1832 616 1932 potiffimum
644 1831 901 1909 contulillemus.
931 1832 1127 1908 Occurritur

163 1964 272 2016 autem
286 1943 399 2031 nobis,
413 1963 447 2018 et
460 1945 627 2043 quidemr
641 1944 747 2018 dodis
759 1963 794 2018 et
803 1942 957 2033 eruditis,
967 1965 1127 2041 quaeren-

163 2053 269 2144 tibus,
284 2055 400 2128 satisne
414 2053 602 2129 constanter
618 2053 726 2129 facere
738 2053 930 2139 videamur,
944 2051 1029 2152 qui,
1051 2075 1127 2128 cum

164 2163 290 2263 percipi
301 2163 485 2263 nihilpoffe
497 2163 951 2254 dicamus,tamenetaliirde
963 2163 1063 2238 rebus
1070 2159 1128 2234 dis·

163 2272 270 2348 serere
280 2273 454 2362 soleamus,
467 2299 500 2349 er
513 2276 580 2350 hoc
590 2272 829 2372 ipsotempote
838 2292 1015 2372 praecepta
1028 2269 1128 2346 officii

162 2381 408 2480 persequamur.
419 2383 550 2479 Quibus
563 2383 684 2456 uellem
699 2384 771 2458 satis
780 2384 917 2481 cognita
928 2380 1009 2457 esset
1020 2379 1129 2454 nostre

165 2490 507 2568 sententia.nonenim
521 2492 630 2569 sumus
643 2494 838 2592 ii,quorum
852 2511 992 2592 vagetur
1002 2491 1129 2565 animus

164 2626 292 2688 errore,
300 2627 360 2677 nec
368 2605 489 2678 habeat
498 2629 658 2700 unquam,
668 2602 935 2700 quodsequatur.
945 2624 1032 2700 quae
1040 2599 1130 2673 enim

164 2710 244 2799 effet
257 2711 316 2783 issa
329 2737 434 2802 mens,
448 2714 504 2786 vel
514 2737 598 2811 quae
610 2712 678 2783 vita
689 2710 813 2808 potius,
826 2733 896 2781 non
904 2708 1012 2782 modo
1022 2706 1130 2806 dispu-

165 2821 269 2911 tandi,
286 2821 454 2895 sedetiam
469 2822 608 2895 vivendi
619 2822 746 2893 ratione
759 2820 907 2894 sublata?
920 2820 996 2894 Nos
1008 2841 1130 2906 autem,

166 2943 202 2998 ut
217 2926 317 3001 ceteri
330 2927 391 2999 alia
405 2945 510 3016 certa,
522 2929 583 3000 alia
595 2929 722 3001 incerta
734 2928 801 3001 etse
818 2928 953 3013 dicunt,
968 2926 1014 3005 lic
1026 2928 1071 3002 ab
1081 2926 1130 3001 his

165 3035 388 3111 dillentietrtes
400 3092 411 3130 ,
424 3038 486 3112 alia
500 3039 707 3137 probabilia,
720 3058 838 3115 contra
852 3039 941 3129 ,alia
962 3063 1035 3113 non
1049 3064 1130 3138 pro·

133 3173 147 3222 t
166 3147 286 3221 babilia
304 3146 368 3221 effe
388 3148 539 3224 dicimus.
568 3149 662 3244 Quid
681 3149 728 3224 eti
748 3149 867 3248 igitur,
880 3150 975 3248 quod
990 3172 1047 3225 me
1064 3151 1131 3225 im·

164 3260 294 3358 pediat,
307 3285 463 3359 ea,quae
487 3259 572 3334 mihi
594 3259 778 3357 probabilia
804 3259 999 3348 videantur,
1012 3257 1130 3360 sequi3

164 3397 248 3470 quae
270 3392 406 3467 eontra,
420 3372 631 3470 improbare,
648 3392 746 3472 atque
770 3370 954 3445 affirmandi
969 3395 1131 3472 arrogan-

163 3480 243 3552 tiam
264 3483 444 3571 vitantem,
462 3482 576 3582 fugere
600 3483 819 3558 temeritatem
831 3535 843 3573 ,
855 3505 940 3582 quae
961 3507 981 3555 a
1001 3481 1131 3579 sapien·

162 3585 207 3659 tia
222 3589 350 3661 diffidet
367 3592 568 3687 plurimum?
588 3609 704 3666 contra
722 3609 831 3667 autem
843 3590 962 3665 'onmia
980 3589 1129 3689 disputa·

69 3688 73 3697 ’
161 3712 217 3768 tur
232 3720 251 3767 a
268 3696 403 3786 uostris,
419 3701 512 3795 quod
527 3701 594 3774 boc
608 3700 714 3798 ipsum
728 3698 901 3797 probabile
918 3697 1050 3773 elucere
1061 3724 1132 3773 nott

163 3801 277 3900 poffit,
290 3802 347 3875 nit
361 3829 404 3877 ex
415 3825 555 3904 utraque
567 3827 673 3905 parte,
682 3808 852 3885 causarum
865 3805 944 3881 effet
953 3806 1041 3880 faeta
1053 3832 1133 3883 corr·

163 3911 281 3986 tentio.
293 3913 357 3987 Sed
370 3913 451 3987 haec
466 3916 637 4014 explanata
652 3915 773 3990 suntin
791 3915 997 3992 Academicis
1009 3916 1132 3992 nostris

163 4021 310 4112 saris,ut
330 4023 493 4120 arbitror,
507 4025 692 4127 diligenter.
716 4026 797 4102 Tibi
818 4047 930 4102 autem
941 4080 954 4122 ,
966 4027 1016 4102 mi
1031 4028 1130 4106 Cice·
