2340 4628
178 654 246 730 ιρι
431 622 635 699 curo
682 620 933 693 utrou
1008 596 1015 609 “

171 816 254 868 vum
278 786 465 887 accepimus
483 787 526 859 ad
547 780 759 897 centpiiruum
782 806 907 859 aunum
925 778 1130 880 perduxitie,

170 900 425 977 cumeffetaeta
447 898 512 971 iam
534 913 640 969 aetate
663 894 697 965 in
718 891 962 993 tigrimque
988 892 1131 979 colerett

169 1014 267 1086 cuius
296 1009 551 1107 interprimunt
579 1027 613 1079 et
638 1005 763 1078 sextum
787 1003 998 1077 consulatum
1022 1004 1130 1081 seut

168 1122 384 1221 quadraginta
401 1117 478 1193 anui
495 1114 726 1189 interfuerant.
750 1109 864 1209 itaque
879 1134 1043 1210 quantum
1064 1110 1129 1211 spu·

168 1232 253 1305 tium
268 1230 383 1305 aetatis
402 1228 545 1301 maiores
564 1222 669 1296 nostri
684 1222 725 1296 ad
739 1221 913 1295 senectutis
926 1220 1059 1295 initium
1072 1218 1129 1297 effe

168 1341 374 1426 voluerunt,
399 1358 507 1410 tantus
530 1334 579 1406 illi
601 1332 715 1405 cursus
737 1331 909 1405 honorum
932 1328 1007 1403 fuit.
1037 1348 1129 1429 atque

167 1449 238 1523 eius
259 1468 407 1521 extrema
425 1467 512 1517 aetas
532 1442 599 1515 hoc
614 1439 742 1515 beatior
751 1464 875 1539 ,quam
900 1436 1129 1537 media,quod

167 1557 370 1631 audioritatis
384 1552 626 1651 plushabebat,
651 1549 774 1623 laboris
790 1573 874 1623 veto
891 1550 1016 1623 minus.
1040 1556 1128 1649 Aper

111 1682 146 1741 ιι
168 1686 279 1741 autem
307 1663 477 1739 senestutis
504 1663 552 1735 est
576 1660 767 1735 auuorius.
794 1660 930 1751 Quanta
951 1657 1016 1731 suit
1040 1660 1075 1731 in
1095 1660 1128 1733 1.

166 1775 314 1849 Caecilio
346 1773 508 1845 Metello?
547 1764 678 1871 quanta'
691 1772 727 1845 in
752 1770 860 1845 Atilio
891 1770 1127 1847 Calatinoiiu

165 1910 266 1983 quem
285 1884 366 1957 illud
389 1886 533 1983 elogium
556 1888 717 1958 unicum:
742 1902 942 1958 ptumum!
963 1904 1125 1959 coustu-

164 2020 290 2073 'num
313 2018 483 2088 GENTES,
503 2019 641 2073 uotum
667 2017 899 2072 pumturum
924 2018 1052 2071 ruisse.
1070 2018 1125 2069 vt·

165 2129 266 2182 RUM.
285 2106 463 2182 noturuest
477 2133 633 2194 carmen,
656 2106 797 2179 incisum
819 2107 853 2179 iu
875 2107 1039 2204 sepulcro.
1060 2112 1126 2180 lure

164 2218 266 2317 igitur
285 2220 395 2316 gravis
410 2269 422 2305 ‚
437 2221 532 2294 cuius
550 2222 591 2293 de
615 2220 764 2292 laudibus
785 2218 938 2292 omnium
951 2218 1032 2293 effer
1048 2218 1127 2291 fama

165 2328 384 2405 consentiens.
411 2335 522 2425 Quem
541 2332 651 2405 virum
672 2333 706 2405 P.
728 2329 902 2419 Graiium,
923 2355 1031 2427 nuper
1046 2354 1126 2428 pou·

164 2436 290 2511 tificem
305 2442 509 2533 maximum,
522 2468 622 2542 quem
636 2442 746 2537 postea
765 2446 812 2513 M.
831 2441 997 2539 Lepidum
1014 2442 1126 2516 eodem

164 2546 351 2622 sacerdotio
363 2553 551 2647 praeditum
566 2552 734 2626 vidimus?
754 2550 847 2644 Quid
862 2550 903 2621 de
922 2551 1060 2642 Paullo,
1078 2566 1127 2623 aut

165 2656 326 2732 Africano
336 2661 479 2758 loquar?
495 2682 562 2747 aut,
578 2662 693 2735 utiam
706 2660 1033 2750 ante,deMaximoi
1047 2684 1126 2759 quo·

165 2792 241 2838 rum
252 2793 321 2841 nou
331 2770 366 2841 iu
377 2771 532 2843 sententia
541 2772 721 2860 solum‚sed
731 2772 829 2845 etiarn
839 2758 967 2845 iuuutu
977 2771 1127 2846 residebat

166 2879 353 2952 auetoritas.
372 2881 480 2955 Habet
494 2882 661 2965 senedusf
669 2884 831 2955 honorata
845 2882 1051 2979 praesertim,
1060 2900 1127 2955 tan·

166 3004 233 3059 tarn
249 2990 476 3062 audotitatem
487 3043 499 3080 ,
512 3009 549 3064 ut
563 3015 601 3063 ea
614 2991 717 3088 pluris
728 2991 789 3081 su,
804 3016 905 3090 quam
919 2982 1040 3067 omues
1049 2992 1127 3065 ado·

105 3089 148 3165 18
166 3094 338 3170 lescentiae
351 3098 549 3195 voluptates.
581 3101 645 3173 Sed
662 3100 803 3172 inomni
820 3099 1127 3175 orationememen-

115 3215 148 3263 ⁶²
168 3227 262 3297 tote,
274 3234 347 3282 eam
361 3234 417 3283 me
435 3210 566 3283 laudare
583 3210 781 3283 senectutem
791 3262 802 3297 ,
813 3232 898 3307 quae
914 3208 1126 3283 firndamentis

166 3320 404 3396 adolescentiae
418 3320 594 3397 constituta
607 3323 653 3395 iit.
677 3348 718 3395 ex
730 3348 801 3420 quo
814 3323 849 3395 id
861 3322 1023 3414 efficitur,
1040 3320 1126 3421 quod

168 3456 235 3528 ego
247 3458 368 3530 magno
381 3432 551 3530 quondam
565 3458 641 3505 cum
651 3431 776 3504 adsensu
784 3432 940 3503 omnium
956 3431 1050 3504 dixi:
1065 3430 1127 3504 Mi·

168 3538 347 3614 ferameffe
365 3541 589 3630 senedtutem,
608 3565 692 3640 quae
708 3541 740 3614 se
753 3538 908 3614 oratione
930 3537 1126 3615 defenderet.

168 3674 239 3722 non
256 3652 354 3737 cani,
379 3678 449 3726 non
465 3679 564 3752 rugae
581 3678 717 3751 repente
734 3654 966 3729 audioritatetn
988 3656 1126 3753 arripere

170 3757 326 3854 possunt3
344 3760 399 3833 sed
416 3764 552 3837 honeste
573 3766 642 3837 aua
665 3764 815 3862 superior
831 3788 921 3839 aetas
943 3764 1068 3841 frudus
1080 3790 1125 3839 ca·

117 3878 150 3945 63
170 3866 219 3965 pit
244 3868 448 3944 audoritatis
460 3896 639 3947 extremos.
664 3876 757 3949 Haec
775 3876 865 3948 enim
884 3876 953 3973 ipsa
969 3878 1048 3951 sunt
1067 3878 1125 3951 ho·
1164 3922 1166 3927 ·

170 3975 350 4068 norabilia,
363 4002 446 4074 quae
458 3984 612 4058 videntur
630 3986 718 4058 levia
740 4010 838 4086 atque
853 3989 1049 4063 communia
1062 4044 1072 4080 ,
1085 3988 1126 4063 st·
1162 4052 1165 4059 .

169 4088 289 4179 tutari,
303 4092 433 4192 appeti,
447 4095 583 4189 decedi,
596 4098 734 4197 affurgi,
748 4101 887 4193 deduci,
900 4102 1042 4193 reduci,
1056 4126 1127 4178 con·
1161 4110 1166 4225 j
