2340 4628
166 647 238 725 '106
403 646 493 723 DE
539 646 887 723 otttctts

163 809 333 906 publicae3
356 811 572 886 concordiam
593 811 757 908 primum,
775 833 860 909 quae
882 807 949 885 effe
965 820 1121 910 nonpo³

162 919 239 1004 test,
253 944 330 993 curn
352 921 423 994 aliis
439 921 649 1009 adimuntur,
670 919 746 992 aliis
761 918 994 991 condonantur
1017 944 1120 1018 pecu·

161 1029 256 1114 niae;
269 1030 388 1104 deinde
400 1029 619 1129 aequitatem,
634 1051 717 1125 quae
731 1026 856 1100 tollitur
873 1029 1006 1118 omnis,
1022 1030 1119 1103 fiht-

161 1140 240 1214 bere
253 1143 345 1215 suum
365 1141 484 1240 cuique
501 1132 571 1212 nob
591 1140 677 1213 licet.
703 1138 737 1211 id
762 1138 852 1211 enim
876 1137 924 1212 est
940 1141 1116 1237 proprium

161 1246 225 1344 (ut
247 1246 344 1349 supra
366 1248 458 1349 dixi)
480 1249 624 1325 civitatis
643 1266 742 1346 atque
761 1248 869 1336 urbis,
892 1268 929 1321 ut
954 1247 995 1324 fit
1014 1248 1116 1322 libera

106 1388 141 1437 79
158 1376 192 1428 et
215 1382 285 1430 non
310 1360 449 1434 sollicita
474 1360 549 1432 suae
570 1359 618 1430 rei
641 1359 799 1455 cuiusque
819 1357 978 1433 mttodia.
1004 1364 1115 1457 Atque

158 1465 193 1537 in
217 1468 280 1542 bac
298 1470 441 1566 pernicie
467 1468 668 1566 reipublicae
689 1491 731 1538 ne
754 1466 841 1539 illam
864 1468 1001 1565 quidem
1032 1492 1115 1542 con·

157 1574 357 1675 sequuntur,
370 1602 467 1677 quam
485 1596 621 1675 putant,
633 1580 778 1677 gratiam.
797 1602 871 1650 nam
885 1578 940 1652 cui
955 1602 1115 1676 reserep·

157 1708 190 1762 ta
202 1689 264 1776 est,
276 1687 321 1762 est
335 1688 509 1775 inimicus;
521 1687 576 1760 cui
590 1689 681 1778 data,
699 1691 797 1761 etiam
813 1688 991 1761 diffimulat
1007 1688 1041 1761 se
1061 1712 1115 1761 ac·

156 1799 266 1893 cipere
278 1796 416 1871 voluitie
424 1821 436 1883 ;
450 1815 484 1869 et
497 1797 637 1869 maxime
651 1798 685 1870 in
701 1798 849 1894 pecuniis
860 1796 993 1871 creditis
1001 1794 1113 1870 occul·

13 1951 15 1955 -
154 1926 203 1976 tat
228 1903 321 1976 suum
339 1905 514 2003 gaudium,
538 1928 579 1976 ne
601 1905 754 1977 videatur
775 1927 845 1976 non
864 1902 959 1977 fuiffe
980 1904 1112 1980 solven-

154 2016 213 2090 do.
234 2023 279 2090 At
288 2041 373 2091 vero
391 2016 466 2106 ille,
482 2017 542 2114 qui
564 2016 685 2113 accipit
698 2016 867 2102 iniuriam,
880 2033 914 2089 et
934 2015 1112 2104 meminit,

153 2146 187 2198 et
199 2152 277 2224 prae
291 2127 324 2198 se
336 2126 401 2198 sert
416 2127 567 2199 dotorem
584 2126 695 2211 suum;
712 2124 834 2210 nec,t't
854 2124 966 2222 plures
988 2123 1110 2215 sontii,

152 2235 273 2332 quibus
285 2234 437 2331 improbe
454 2235 566 2306 datum
584 2233 646 2324 est,
661 2260 760 2333 quam
777 2234 824 2305 illi
836 2287 847 2320 ‚
861 2233 980 2330 quibus
993 2232 1110 2306 iniuste
1163 2324 1168 2331 Ι

153 2343 321 2415 ademtum
335 2343 398 2430 est,
416 2343 544 2417 idcirco
564 2345 635 2440 plus
656 2344 754 2416 etiam
771 2344 892 2415 valent.
918 2343 1109 2435 Nouenim

152 2476 294 2524 numero
311 2453 392 2525 baec
405 2452 605 2539 iudicantur,
618 2452 673 2525 sed
688 2453 845 2548 pondere.
870 2453 985 2544 Quam
1000 2470 1109 2526 autem

151 2561 249 2663 babet
261 2562 484 2658 aequitatem,
501 2579 538 2632 ut
557 2586 670 2659 agmm
689 2561 797 2631 multis
810 2559 924 2644 annis,
937 2576 993 2630 aut
1010 2560 1110 2632 etiam

152 2670 267 2743 seculis
281 2688 354 2741 ante
367 2668 565 2765 poffeffum,
585 2671 644 2765 qui
671 2668 795 2738 nullum
808 2667 943 2752 habuit,
968 2668 1109 2757 trabeam

86 2813 127 2882 23
151 2778 208 2874 qui
222 2797 330 2849 autem
343 2778 478 2860 babuit,
499 2776 644 2846 amittat?
664 2785 712 2847 Ac
730 2794 867 2872 propter
883 2775 951 2850 hoc
971 2775 1110 2851 iniuriae

99 2911 130 2959 ες,
151 2911 252 2983 genus
279 2886 529 2958 Lacedaemonii
555 2887 760 2983 Lysandrum
784 2887 948 2982 ephorum
970 2890 1108 2985 expule-

150 3014 248 3066 runt:
270 2994 356 3091 Agin
380 3019 491 3092 regem
512 2993 622 3092 (quod
641 3020 808 3091 nunquam
830 3014 925 3068 antea
942 2999 1033 3093 apud
1050 3023 1110 3072 eoe

150 3101 342 3201 acciderat)
370 3123 593 3179 necaverunt:
621 3129 664 3175 ex
690 3130 798 3202 eoque
826 3122 980 3204 tempore
1000 3127 1107 3184 tantae

149 3212 332 3287 discordiae
347 3212 473 3287 secutae
492 3215 586 3302 sunt,
600 3235 636 3285 ut
651 3232 685 3285 et
698 3215 834 3312 tyranni
847 3215 1038 3291 exfistereut
1049 3271 1062 3308 ,
1074 3236 1118 3299 et,

149 3325 328 3418 optimates
344 3326 657 3412 exterminarentur,
669 3348 703 3397 et
715 3323 965 3419 praeclariffime
979 3328 1107 3402 contti·

150 3457 220 3508 tuta
233 3438 413 3532 respublica
433 3438 635 3511 dilaberetur.
661 3460 722 3510 nec
740 3461 823 3509 vero
844 3437 948 3510 solum
970 3441 1041 3538 ipsa
1055 3465 1106 3516 ce·

151 3545 252 3632 cidit,
273 3548 327 3618 sed
353 3549 449 3622 etiam
474 3550 632 3647 reliquam
650 3550 823 3622 Graeciam
842 3550 966 3624 evertit
988 3572 1106 3627 conta·

151 3653 304 3750 gio'nibus
317 3658 480 3730 malorum
494 3709 505 3743 ,
519 3682 602 3757 quae
623 3684 642 3731 a
662 3657 929 3731 Lacedaemoniis
941 3663 1106 3756 profetia,

151 3762 440 3837 manaruntlatius.
464 3768 580 3859 Quid?
596 3765 725 3838 nostros
738 3765 1106 3856 Gracchos,Ti.Grac·

151 3868 219 3957 chi,
234 3869 351 3945 summi
365 3873 441 3963 viri,
451 3874 553 3966 filios,
568 3877 712 3951 Africani
721 3895 882 3973 nepotes,
892 3903 1005 3953 nonne
1018 3906 1106 3981 agra·

67 4004 71 4011 ·
100 4011 128 4061 s,
151 3980 218 4051 riae
237 3983 467 4059 contentiones
485 3988 727 4085 perdiderunt?
748 3997 795 4065 At
816 4014 902 4063 vero
916 3995 1038 4068 Aratus
1056 3996 1106 4069 si·

151 4090 296 4189 cyonius
311 4092 382 4169 iure
405 4095 572 4191 laudum,
586 4098 663 4198 qui,
678 4124 755 4176 cum
782 4100 852 4175 eius
872 4103 991 4181 civitas
1003 4107 1102 4208 quin·
