2340 4560
370 410 385 431 Ι

140 613 641 690 rrrsronrcus.
822 591 942 714 5057

79 773 222 915 Tfutus„
239 775 271 836 L.
293 773 395 837 Manil.
421 795 464 858 19.
482 773 614 835 tribunus
628 773 667 853 pl.
689 776 716 837 li
734 794 810 843 :tono
827 774 891 855 post
999 766 1005 783 '

112 868 162 916 uit.
641 878 645 888 ·

79 935 201 1010 utus.
220 935 298 997 Brut.
320 957 365 998 20.
383 938 428 1011 is,
445 937 493 1014 qui
511 935 622 1021 Consul
641 954 710 997 cum
726 936 762 998 C.
784 937 892 998 Martie

91 1018 147 1077 fuit
162 1040 189 1078 a.
203 1017 347 1079 DXCVII.
367 1017 485 1080 disertus
501 1018 564 1080 fuit

79 1099 200 1171 'ULUS.
217 1097 306 1160 Arcti.
332 1120 355 1180 5.
377 1112 490 1177 praetor
508 1118 576 1160 cum
594 1099 624 1161 P.
644 1097 781 1160 Gabinius
797 1097 834 1158 de
849 1117 892 1158 re·

83 1179 107 1239 is
124 1179 193 1239 ellet
208 1181 368 1242 damnatus.
630 1246 634 1253 ,

79 1260 191 1331 ULUS,
208 1261 276 1323 Har.
292 1260 325 1321 R.
335 1262 364 1323 6.
384 1261 489 1321 flamen
500 1259 648 1322 Martialis.
664 1261 727 1321 Vnt.
743 1280 787 1320 10.
803 1258 894 1321 Conr-

106 1340 218 1403 Gabinii
247 1344 275 1401 in
300 1343 469 1423 Confielaru‚·
494 1343 575 1401 cuius
593 1342 750 1423 (Gtiniil
776 1341 894 1401 iuvandi

79 1422 203 1482 Vatinius
223 1442 290 1482 eum
304 1423 466 1498 opprimere
480 1423 591 1496 studet,
607 1422 672 1503 iuffo
679 1426 719 1505 sc.
728 1423 826 1485 ''Vettio
837 1444 894 1483 eum

79 1506 144 1563 :ione
160 1506 293 1563 nominate
310 1505 379 1561 inter
394 1506 558 1563 continuos.
581 1505 664 1564 Hune
677 1505 804 1586 diversum
818 1502 865 1582 effe
875 1526 894 1562 a

79 1607 92 1643 e
112 1588 146 1646 L.
163 1584 293 1657 Lentulo,
318 1586 379 1643 inde
400 1585 500 1644 elutum
517 1586 567 1665 est,
587 1586 659 1665 quod
670 1584 722 1643 ,ille
746 1586 898 1663 competitor

79 1666 157 1724 ebinii
177 1687 204 1724 in
227 1665 390 1747 Consulatu,
410 1668 453 1725 lrie
466 1684 572 1748 praetor
590 1665 707 1725 Gabinio
732 1665 853 1745 Consule.

79 1745 184 1808 'ULUS
200 1746 278 1807 Cius.
297 1744 387 1807 Pil'on.
413 1766 456 1824 3¹·
477 1760 591 1824 praemi
603 1744 731 1807 'Gabinio
751 1743 895 1806 &Pisone

79 1828 101 1887 ,d
118 1826 183 1890 niv.
196 1827 231 1901 8,
243 1851 271 1901 4.
290 1825 431 1904 repulsam
445 1827 500 1887 fert
515 1826 697 1905 inpetitione
711 1824 896 1901 Consulatu,

79 1909 155 2049 olfid
166 1908 202 1986 fit
223 1930 279 1967 cum
298 1911 327 1968 C.
349 1911 388 1967 M
395 1909 484 1967 ucello
504 1930 530 1968 a.
550 1906 675 1969 DCCIV.
696 1906 733 1968 a'd
753 1906 817 1969 Div.
840 1929 895 1983 12,

107 2008 162 2066 uga
182 1987 339 2049 Pharsalica
360 2008 377 2049 a
397 1987 517 2050 Rhodiis
537 2008 598 2050 non
616 1989 758 2067 recipitur.
779 1988 894 2052 ad·Div.

97 2068 174 2130 bello
189 2069 274 2132 Civili
289 2069 404 2129 interiit.
425 2069 502 2130 Brut.
518 2092 566 2147 77.
584 2069 674 2148 qualis
692 2086 788 2130 orator
800 2068 898 2134 fuerit.

90 2149 150 2211 aliis
165 2149 234 2209 locis
249 2170 356 2210 nomen
376 2151 437 2210 eius
451 2150 602 2211 invenitur.
624 2171 651 2214 v.
669 2170 694 2212 c.
707 2151 744 2211 ad
765 2150 829 2213 Diu.
851 2172 897 2226 ro,

79 2246 103 2292 t.
132 2253 183 2303 11,
200 2236 227 2293 6.
247 2234 299 2291 uc.
760 2302 765 2307 ²

79 2313 202 2384 Tutus,
222 2312 253 2371 L.
272 2313 304 2373 F.
320 2313 355 2370 ad
370 2313 425 2372 litt.
448 2333 486 2385 4,
504 2313 547 2374 16.
564 2314 771 2388 praevaricator
781 2324 897 2390 putatur

79 2395 131 2454 icio
147 2394 307 2453 Vatiniuno.
331 2394 391 2452 Art.
412 2413 463 2465 12,
477 2413 506 2467 7.

79 2476 208 2548 TULUS,
232 2475 309 2535 Brut.
335 2495 377 2553 19.
405 2477 451 2544 is,
471 2474 515 2552 qui
532 2495 558 2531 a.
585 2477 622 2532 U.
643 2473 772 2531 DXVII.
798 2473 899 2555 Consul

79 2557 167 2614 >icitur
179 2557 246 2613 eninr
259 2557 387 2635 grandior
396 2572 461 2612 natu
467 2552 550 2635 fieiffe
561 2576 616 2612 cum
624 2551 737 2614 Catone
755 2555 897 2635 Censorio:

79 2638 137 2695 nine
152 2637 311 2696 Caudinus,

79 2717 202 2789 ULUS,
222 2721 267 2789 is,
284 2718 329 2798 qui
342 2718 461 2798 princeps
473 2717 587 2774 Senatus
594 2715 661 2796 fuit.
680 2714 710 2773 itt
720 2713 829 2778 Caecil.
850 2736 897 2778 21.

80 2799 241 2860 tlllunium
264 2797 433 2874 Aquillium.
458 2797 527 2873 Agr.
548 2819 584 2870 2,
607 2817 650 2875 30.
674 2796 794 2856 mittitur
811 2817 827 2856 a
847 2797 897 2857 Se·

79 2879 311 2956 rCampanio1u‚
330 2895 362 2937 ut
381 2896 462 2955 agros
477 2878 616 2955 privatos,
632 2878 679 2954 qui
702 2879 730 2937 in
748 2877 898 2956 publicum

79 2976 167 3034 trent,
191 2974 306 3020 emeret.
326 2960 402 3020 Brut.
425 2962 468 3020 28.
494 2960 558 3019 l'utis
579 2959 758 3035 eloquentiae
779 2959 897 3030 habuit,

79 3043 115 3102 ad
131 3062 219 3118 remp.
239 3060 312 3117 opus
329 3040 403 3099 elr'et.
425 3041 475 3100 Or.
498 3061 531 3108 r.
554 3041 600 3114 48.
620 3038 704 3099 Catil.
729 3058 765 3117 3,
789 3060 812 3119 5.
839 3038 900 3097 luu-

95 3125 194 3204 Consiel
206 3147 232 3181 u.
249 3124 313 3180 DX
315 3124 356 3181 (fl.
366 3119 487 3201 suffetius
501 3141 557 3177 eunt
580 3124 627 3177 Cn.
649 3119 773 3176 Domitio
791 3121 827 3177 P.
841 3121 900 3178 Sci.

79 3203 234 3273 Nestore&
259 3207 289 3263 C.
307 3204 414 3261 Marcio
435 3200 542 3278 Figulo.

79 3273 205 3357 TU'LUS,
224 3285 253 3344 P.
266 3283 396 3366 principis
414 3283 527 3338 Senatus
546 3278 662 3353 Nepos,
679 3280 829 3357 cognomine
847 3278 899 3339 Su.

82 3377 121 3424 ut.
140 3368 187 3440 64.
208 3367 255 3425 66.
272 3361 362 3440 qualis
378 3375 472 3420 orutor
489 3358 584 3418 luerit.
605 3360 665 3417 Aet.
685 3378 716 3430 1,
735 3359 777 3418 16.
794 3358 837 3419 bis
849 3358 899 3418 ab·

79 3466 105 3504 rr.
123 3446 188 3507 Cat.
213 3465 245 3523 3,
266 3467 290 3504 2.
316 3441 448 3502 sollicitat
466 3440 657 3516 Allobrogum
681 3436 797 3515 legatos.
819 3459 899 3517 prae.

79 3531 186 3585 Ticerone
204 3527 336 3603 Consule,
352 3523 483 3583 abdicare
504 3520 531 3581 se
552 3538 683 3598 praetura
703 3520 821 3596 cogitur.
842 3523 900 3580 lem

79 3610 84 3661 l
91 3609 184 3687 fluerat
194 3629 220 3667 a.
241 3611 278 3667 U.
292 3603 503 3665 DCLXXXII.
523 3603 576 3659 Seo'
583 3648 591 3674 ,
609 3603 640 3659 06
652 3600 789 3680 infirmium
798 3649 808 3674 ,
824 3625 900 3682 quem

79 3711 84 3741 .-
108 3690 215 3747 iudiciis
235 3705 420 3757 contruxerat,
441 3707 453 3740 e
464 3686 560 3764 senatu
582 3701 666 3740 motus
682 3702 736 3740 erut
752 3707 769 3742 a
787 3686 900 3745 Lentulo

79 3771 120 3828 llio
143 3769 305 3849 Censoribus.
324 3768 415 3844 Itaque
430 3782 553 3845 praetura
566 3765 677 3841 petenda
692 3785 835 3845 recuperare
854 3767 898 3822 lo·

79 3874 89 3907 r
110 3851 205 3932 senatu
224 3848 326 3919 voluit,
345 3864 466 3923 eumque,
487 3845 622 3925 impetrem
637 3863 759 3926 praetura
769 3890 778 3915 ,
796 3866 898 3923 reeupe-

80 3930 166 4008 Fuiffe
182 3947 267 3987 eutem
282 3929 316 3986 P.
329 3926 433 3985 Lentuli
442 3925 573 4005 principis
592 3926 705 3983 Senatus
718 3944 831 4004 nepotem
849 3925 898 3984 Ci-

93 4012 234 4081 eredimus,
256 4009 335 4068 Catil.
351 4029 385 4082 3,
406 4028 432 4080 5.
451 4005 541 4085 Itaque
557 4003 584 4062 t>
599 4008 641 4064 lrie
652 4050 661 4076 ,
680 4024 707 4063 ut
721 4012 814 4085 saepe,
832 4023 900 4064 errat

79 4091 122 4150 ius
139 4094 175 4150 ed
194 4091 264 4150 viv.
282 4091 313 4147 in
337 4087 431 4148 Cneeel.
455 4109 477 4148 c.
496 4110 536 4150 2¹.
551 4086 596 4145 ubi
609 4087 698 4164 filium
716 4086 791 4143 illius
804 4087 899 4144 Lentu·
