<?xml version="1.0" encoding="UTF-8"?>
<!DOCTYPE html PUBLIC "-//W3C//DTD XHTML 1.0 Transitional//EN"
    "http://www.w3.org/TR/xhtml1/DTD/xhtml1-transitional.dtd">
<html xmlns="http://www.w3.org/1999/xhtml" xml:lang="en" lang="en">
 <head>
  <title>
</title>
<meta http-equiv="Content-Type" content="text/html;charset=utf-8" />
  <meta name='ocr-system' content='tesseract 3.04.00' />
  <meta name='ocr-capabilities' content='ocr_page ocr_carea ocr_par ocr_line ocrx_word'/>
</head>
<body>
  <div class='ocr_page' id='page_1' title='image "./mtulliiciceroni01plutgoog_0194.png"; bbox 0 0 2340 4628; ppageno 0'>
   <div class='ocr_carea' id='block_1_1' title="bbox 157 670 896 766">
    <p class='ocr_par' dir='ltr' id='par_1_1' title="bbox 157 670 896 766">
     <span class='ocr_line' id='line_1_1' title="bbox 157 670 896 766; baseline -0.009 -13"><span class='ocrx_word' id='word_1_1' title='bbox 157 679 239 754; x_wconf 79' lang='lat' dir='ltr'>na</span> <span class='ocrx_word' id='word_1_2' title='bbox 273 675 658 751; x_wconf 72' lang='lat' dir='ltr'>sauream·</span> <span class='ocrx_word' id='word_1_3' title='bbox 834 670 896 766; x_wconf 61' lang='grc' dir='ltr'>ιε,</span> 
     </span>
    </p>
   </div>
   <div class='ocr_carea' id='block_1_2' title="bbox 68 816 994 1153">
    <p class='ocr_par' dir='ltr' id='par_1_2' title="bbox 68 816 994 1153">
     <span class='ocr_line' id='line_1_2' title="bbox 68 816 956 934; baseline -0.006 -25"><span class='ocrx_word' id='word_1_4' title='bbox 68 833 92 909; x_wconf 90' lang='lat' dir='ltr'>ri</span> <span class='ocrx_word' id='word_1_5' title='bbox 111 833 235 934; x_wconf 79' lang='lat' dir='ltr'>poffer.</span> <span class='ocrx_word' id='word_1_6' title='bbox 252 833 410 933; x_wconf 81' lang='lat' dir='ltr'>quocirca</span> <span class='ocrx_word' id='word_1_7' title='bbox 424 832 507 906; x_wconf 86' lang='lat' dir='ltr'>nihil</span> <span class='ocrx_word' id='word_1_8' title='bbox 527 832 673 907; x_wconf 80' lang='lat' dir='ltr'>effetam</span> <span class='ocrx_word' id='word_1_9' title='bbox 693 829 899 920; x_wconf 83' lang='lat' dir='ltr'>detestabile,</span> <span class='ocrx_word' id='word_1_10' title='bbox 952 816 956 823; x_wconf 46' lang='lat'>¹</span> 
     </span>
     <span class='ocr_line' id='line_1_3' title="bbox 79 938 899 1042; baseline -0.005 -26"><span class='ocrx_word' id='word_1_11' title='bbox 79 942 296 1042; x_wconf 83' lang='lat' dir='ltr'>pestiferum,</span> <span class='ocrx_word' id='word_1_12' title='bbox 308 968 409 1042; x_wconf 89' lang='lat' dir='ltr'>quam</span> <span class='ocrx_word' id='word_1_13' title='bbox 424 942 649 1039; x_wconf 66' lang='lat' dir='ltr'>voluptatem</span> <span class='ocrx_word' id='word_1_14' title='bbox 663 938 834 1038; x_wconf 82' lang='lat' dir='ltr'>fiquidem</span> <span class='ocrx_word' id='word_1_15' title='bbox 844 965 899 1027; x_wconf 87' lang='lat' dir='ltr'>ea,</span> 
     </span>
     <span class='ocr_line' id='line_1_4' title="bbox 68 1052 994 1153; baseline -0.003 -24"><span class='ocrx_word' id='word_1_16' title='bbox 68 1057 144 1129; x_wconf 86' lang='lat' dir='ltr'>aior</span> <span class='ocrx_word' id='word_1_17' title='bbox 165 1054 245 1131; x_wconf 76' lang='lat' dir='ltr'>effet</span> <span class='ocrx_word' id='word_1_18' title='bbox 263 1072 361 1153; x_wconf 86' lang='lat' dir='ltr'>atque</span> <span class='ocrx_word' id='word_1_19' title='bbox 380 1056 537 1152; x_wconf 85' lang='lat' dir='ltr'>longior,</span> <span class='ocrx_word' id='word_1_20' title='bbox 550 1076 652 1125; x_wconf 91' lang='lat' dir='ltr'>omne</span> <span class='ocrx_word' id='word_1_21' title='bbox 670 1052 772 1124; x_wconf 91' lang='lat' dir='ltr'>animi</span> <span class='ocrx_word' id='word_1_22' title='bbox 785 1054 901 1127; x_wconf 79' lang='lat' dir='ltr'>lumen</span> <span class='ocrx_word' id='word_1_23' title='bbox 984 1064 994 1090; x_wconf 93' lang='lat'><strong><em>‘</em></strong></span> 
     </span>
    </p>
   </div>
   <div class='ocr_carea' id='block_1_3' title="bbox 68 1161 904 1483">
    <p class='ocr_par' dir='ltr' id='par_1_3' title="bbox 68 1161 904 1483">
     <span class='ocr_line' id='line_1_5' title="bbox 68 1161 902 1257; baseline -0.006 -18"><span class='ocrx_word' id='word_1_24' title='bbox 68 1183 166 1241; x_wconf 83' lang='lat' dir='ltr'>reret.</span> <span class='ocrx_word' id='word_1_25' title='bbox 185 1165 280 1238; x_wconf 80' lang='lat' dir='ltr'>Haec</span> <span class='ocrx_word' id='word_1_26' title='bbox 305 1189 382 1237; x_wconf 91' lang='lat' dir='ltr'>cum</span> <span class='ocrx_word' id='word_1_27' title='bbox 407 1164 451 1235; x_wconf 91' lang='lat' dir='ltr'>C.</span> <span class='ocrx_word' id='word_1_28' title='bbox 475 1162 596 1236; x_wconf 85' lang='lat' dir='ltr'>Pontio</span> <span class='ocrx_word' id='word_1_29' title='bbox 617 1161 786 1249; x_wconf 82' lang='lat' dir='ltr'>Samnite,</span> <span class='ocrx_word' id='word_1_30' title='bbox 808 1179 902 1257; x_wconf 86' lang='lat' dir='ltr'>patre</span> 
     </span>
     <span class='ocr_line' id='line_1_6' title="bbox 68 1267 904 1377; baseline -0.006 -30"><span class='ocrx_word' id='word_1_31' title='bbox 68 1298 145 1372; x_wconf 70' lang='lat' dir='ltr'>quo,</span> <span class='ocrx_word' id='word_1_32' title='bbox 156 1272 311 1346; x_wconf 84' lang='lat' dir='ltr'>Caudino</span> <span class='ocrx_word' id='word_1_33' title='bbox 322 1272 468 1370; x_wconf 86' lang='lat' dir='ltr'>proelio,</span> <span class='ocrx_word' id='word_1_34' title='bbox 478 1267 731 1377; x_wconf 37' lang='lat' dir='ltr'>SprPostumius</span> <span class='ocrx_word' id='word_1_35' title='bbox 742 1289 775 1342; x_wconf 85' lang='lat' dir='ltr'>et</span> <span class='ocrx_word' id='word_1_36' title='bbox 787 1269 830 1342; x_wconf 87' lang='lat' dir='ltr'>T.</span> <span class='ocrx_word' id='word_1_37' title='bbox 838 1273 904 1343; x_wconf 70' lang='lat' dir='ltr'>Vc·</span> 
     </span>
     <span class='ocr_line' id='line_1_7' title="bbox 68 1380 901 1483; baseline -0.013 -22"><span class='ocrx_word' id='word_1_38' title='bbox 68 1386 215 1463; x_wconf 77' lang='lat' dir='ltr'>consulea</span> <span class='ocrx_word' id='word_1_39' title='bbox 238 1385 382 1483; x_wconf 85' lang='lat' dir='ltr'>superati</span> <span class='ocrx_word' id='word_1_40' title='bbox 402 1383 499 1471; x_wconf 85' lang='lat' dir='ltr'>sum,</span> <span class='ocrx_word' id='word_1_41' title='bbox 520 1384 673 1457; x_wconf 85' lang='lat' dir='ltr'>locutum</span> <span class='ocrx_word' id='word_1_42' title='bbox 692 1380 901 1478; x_wconf 83' lang='lat' dir='ltr'>Archytam,</span> 
     </span>
    </p>
   </div>
   <div class='ocr_carea' id='block_1_4' title="bbox 67 1487 1030 4122">
    <p class='ocr_par' dir='ltr' id='par_1_4' title="bbox 67 1487 1030 2470">
     <span class='ocr_line' id='line_1_8' title="bbox 69 1487 901 1593; baseline -0.01 -23"><span class='ocrx_word' id='word_1_43' title='bbox 69 1520 108 1571; x_wconf 82' lang='lat' dir='ltr'>us</span> <span class='ocrx_word' id='word_1_44' title='bbox 118 1494 317 1568; x_wconf 84' lang='lat' dir='ltr'>Tarentinus</span> <span class='ocrx_word' id='word_1_45' title='bbox 327 1548 340 1585; x_wconf 91' lang='lat'>,</span> <span class='ocrx_word' id='word_1_46' title='bbox 352 1495 472 1593; x_wconf 83' lang='lat' dir='ltr'>hospes</span> <span class='ocrx_word' id='word_1_47' title='bbox 488 1491 616 1581; x_wconf 83' lang='lat' dir='ltr'>noster,</span> <span class='ocrx_word' id='word_1_48' title='bbox 629 1490 689 1590; x_wconf 87' lang='lat' dir='ltr'>qui</span> <span class='ocrx_word' id='word_1_49' title='bbox 708 1489 744 1562; x_wconf 90' lang='lat' dir='ltr'>in</span> <span class='ocrx_word' id='word_1_50' title='bbox 756 1487 901 1563; x_wconf 81' lang='lat' dir='ltr'>amicitia</span> 
     </span>
     <span class='ocr_line' id='line_1_9' title="bbox 68 1597 901 1701; baseline -0.012 -22"><span class='ocrx_word' id='word_1_51' title='bbox 68 1605 217 1681; x_wconf 86' lang='lat' dir='ltr'>Romani</span> <span class='ocrx_word' id='word_1_52' title='bbox 235 1604 470 1701; x_wconf 84' lang='lat' dir='ltr'>permanserat,</span> <span class='ocrx_word' id='word_1_53' title='bbox 485 1602 517 1675; x_wconf 80' lang='lat' dir='ltr'>se</span> <span class='ocrx_word' id='word_1_54' title='bbox 528 1597 742 1689; x_wconf 83' lang='lat' dir='ltr'>a&#39;maioribus</span> <span class='ocrx_word' id='word_1_55' title='bbox 750 1621 830 1671; x_wconf 90' lang='lat' dir='ltr'>naru</span> <span class='ocrx_word' id='word_1_56' title='bbox 844 1620 901 1670; x_wconf 85' lang='lat' dir='ltr'>ac·</span> 
     </span>
     <span class='ocr_line' id='line_1_10' title="bbox 73 1706 1030 1809; baseline -0.003 -22"><span class='ocrx_word' id='word_1_57' title='bbox 73 1712 228 1800; x_wconf 85' lang='lat' dir='ltr'>dicebat,</span> <span class='ocrx_word' id='word_1_58' title='bbox 241 1737 317 1786; x_wconf 88' lang='lat' dir='ltr'>cum</span> <span class='ocrx_word' id='word_1_59' title='bbox 335 1710 516 1809; x_wconf 85' lang='lat' dir='ltr'>quidemei</span> <span class='ocrx_word' id='word_1_60' title='bbox 536 1709 681 1785; x_wconf 88' lang='lat' dir='ltr'>sermoni</span> <span class='ocrx_word' id='word_1_61' title='bbox 700 1706 901 1785; x_wconf 79' lang='lat' dir='ltr'>interfuiffet</span> <span class='ocrx_word' id='word_1_62' title='bbox 1024 1718 1030 1755; x_wconf 70' lang='lat'><em>³</em></span> 
     </span>
     <span class='ocr_line' id='line_1_11' title="bbox 68 1818 900 1920; baseline -0.005 -23"><span class='ocrx_word' id='word_1_63' title='bbox 68 1821 269 1906; x_wconf 72' lang='lat' dir='ltr'>‚rirenienfis3</span> <span class='ocrx_word' id='word_1_64' title='bbox 283 1845 382 1920; x_wconf 85' lang='lat' dir='ltr'>quern</span> <span class='ocrx_word' id='word_1_65' title='bbox 404 1823 589 1895; x_wconf 84' lang='lat' dir='ltr'>Tarentum</span> <span class='ocrx_word' id='word_1_66' title='bbox 603 1818 751 1909; x_wconf 86' lang='lat' dir='ltr'>veniss&#39;e,</span> <span class='ocrx_word' id='word_1_67' title='bbox 769 1823 807 1893; x_wconf 62' lang='lat'>1„</span> <span class='ocrx_word' id='word_1_68' title='bbox 816 1864 819 1869; x_wconf 95' lang='lat'>-</span> <span class='ocrx_word' id='word_1_69' title='bbox 828 1820 900 1901; x_wconf 58' lang='lat' dir='ltr'>Car</span> 
     </span>
     <span class='ocr_line' id='line_1_12' title="bbox 67 1929 951 2031; baseline -0.01 -24"><span class='ocrx_word' id='word_1_70' title='bbox 67 1934 181 2031; x_wconf 77' lang='lat' dir='ltr'>Appio</span> <span class='ocrx_word' id='word_1_71' title='bbox 192 1932 337 2005; x_wconf 82' lang='lat' dir='ltr'>Claudio</span> <span class='ocrx_word' id='word_1_72' title='bbox 354 1929 555 2021; x_wconf 87' lang='lat' dir='ltr'>consulibus,</span> <span class='ocrx_word' id='word_1_73' title='bbox 567 1930 711 2029; x_wconf 88' lang='lat' dir='ltr'>reperio.</span> <span class='ocrx_word' id='word_1_74' title='bbox 723 1929 896 2022; x_wconf 85' lang='lat' dir='ltr'>Quorsum</span> <span class='ocrx_word' id='word_1_75' title='bbox 915 1959 951 2013; x_wconf 65' lang='grc' dir='ltr'><strong><em>μ</em></strong></span> 
     </span>
     <span class='ocr_line' id='line_1_13' title="bbox 68 2038 898 2140; baseline 0.002 -25"><span class='ocrx_word' id='word_1_76' title='bbox 68 2041 289 2140; x_wconf 82' lang='lat' dir='ltr'>nintelligaris</span> <span class='ocrx_word' id='word_1_77' title='bbox 301 2094 313 2129; x_wconf 94' lang='lat'><strong>‚</strong></span> <span class='ocrx_word' id='word_1_78' title='bbox 326 2040 351 2114; x_wconf 83' lang='lat' dir='ltr'>sr</span> <span class='ocrx_word' id='word_1_79' title='bbox 364 2041 574 2138; x_wconf 78' lang='lat' dir='ltr'>voluptatem</span> <span class='ocrx_word' id='word_1_80' title='bbox 590 2038 754 2138; x_wconf 85' lang='lat' dir='ltr'>aspernari</span> <span class='ocrx_word' id='word_1_81' title='bbox 768 2041 898 2117; x_wconf 85' lang='lat' dir='ltr'>ratione</span> 
     </span>
     <span class='ocr_line' id='line_1_14' title="bbox 68 2151 898 2251; baseline -0.001 -24"><span class='ocrx_word' id='word_1_82' title='bbox 68 2154 144 2228; x_wconf 72' lang='lat' dir='ltr'>entia</span> <span class='ocrx_word' id='word_1_83' title='bbox 165 2178 234 2225; x_wconf 92' lang='lat' dir='ltr'>non</span> <span class='ocrx_word' id='word_1_84' title='bbox 253 2151 440 2249; x_wconf 80' lang='lat' dir='ltr'>possemus,</span> <span class='ocrx_word' id='word_1_85' title='bbox 467 2178 620 2251; x_wconf 83' lang='lat' dir='ltr'>magnam</span> <span class='ocrx_word' id='word_1_86' title='bbox 642 2153 825 2225; x_wconf 84' lang='lat' dir='ltr'>habendam</span> <span class='ocrx_word' id='word_1_87' title='bbox 846 2153 898 2226; x_wconf 88' lang='lat' dir='ltr'>se·</span> 
     </span>
     <span class='ocr_line' id='line_1_15' title="bbox 70 2261 976 2362; baseline 0 -28"><span class='ocrx_word' id='word_1_88' title='bbox 70 2261 232 2362; x_wconf 83' lang='lat' dir='ltr'>gratiam,</span> <span class='ocrx_word' id='word_1_89' title='bbox 250 2285 335 2358; x_wconf 89' lang='lat' dir='ltr'>quae</span> <span class='ocrx_word' id='word_1_90' title='bbox 357 2261 523 2347; x_wconf 84' lang='lat' dir='ltr'>efficerer,</span> <span class='ocrx_word' id='word_1_91' title='bbox 546 2280 584 2335; x_wconf 89' lang='lat' dir='ltr'>ut</span> <span class='ocrx_word' id='word_1_92' title='bbox 604 2262 641 2335; x_wconf 88' lang='lat' dir='ltr'>id</span> <span class='ocrx_word' id='word_1_93' title='bbox 662 2286 732 2336; x_wconf 89' lang='lat' dir='ltr'>non</span> <span class='ocrx_word' id='word_1_94' title='bbox 751 2262 896 2349; x_wconf 87' lang='lat' dir='ltr'>liberer,</span> <span class='ocrx_word' id='word_1_95' title='bbox 971 2265 976 2273; x_wconf 81' lang='grc'><strong><em>’</em></strong></span> 
     </span>
     <span class='ocr_line' id='line_1_16' title="bbox 68 2370 897 2470; baseline 0.001 -25"><span class='ocrx_word' id='word_1_96' title='bbox 68 2397 111 2447; x_wconf 84' lang='lat' dir='ltr'>on</span> <span class='ocrx_word' id='word_1_97' title='bbox 124 2390 304 2469; x_wconf 82' lang='lat' dir='ltr'>oporteret.</span> <span class='ocrx_word' id='word_1_98' title='bbox 326 2370 468 2468; x_wconf 83' lang='lat' dir='ltr'>Impedit</span> <span class='ocrx_word' id='word_1_99' title='bbox 482 2371 571 2444; x_wconf 86' lang='lat' dir='ltr'>enirn</span> <span class='ocrx_word' id='word_1_100' title='bbox 582 2372 756 2445; x_wconf 75' lang='lat' dir='ltr'>consilium</span> <span class='ocrx_word' id='word_1_101' title='bbox 772 2374 897 2470; x_wconf 86' lang='lat' dir='ltr'>volup·</span> 
     </span>
    </p>

    <p class='ocr_par' dir='ltr' id='par_1_5' title="bbox 68 2479 899 2676">
     <span class='ocr_line' id='line_1_17' title="bbox 68 2479 898 2580; baseline 0 -22"><span class='ocrx_word' id='word_1_102' title='bbox 68 2483 123 2558; x_wconf 90' lang='lat' dir='ltr'>oni</span> <span class='ocrx_word' id='word_1_103' title='bbox 133 2483 266 2556; x_wconf 86' lang='lat' dir='ltr'>inimica</span> <span class='ocrx_word' id='word_1_104' title='bbox 276 2482 340 2571; x_wconf 86' lang='lat' dir='ltr'>est,</span> <span class='ocrx_word' id='word_1_105' title='bbox 354 2507 393 2553; x_wconf 90' lang='lat' dir='ltr'>ac</span> <span class='ocrx_word' id='word_1_106' title='bbox 407 2479 526 2554; x_wconf 87' lang='lat' dir='ltr'>mentis</span> <span class='ocrx_word' id='word_1_107' title='bbox 538 2480 592 2578; x_wconf 85' lang='lat' dir='ltr'>(ut</span> <span class='ocrx_word' id='word_1_108' title='bbox 602 2481 648 2555; x_wconf 89' lang='lat' dir='ltr'>ita</span> <span class='ocrx_word' id='word_1_109' title='bbox 659 2482 787 2580; x_wconf 81' lang='lat' dir='ltr'>dicam)</span> <span class='ocrx_word' id='word_1_110' title='bbox 801 2509 898 2580; x_wconf 84' lang='lat' dir='ltr'>prae·</span> 
     </span>
     <span class='ocr_line' id='line_1_18' title="bbox 79 2589 899 2676; baseline 0.002 -12"><span class='ocrx_word' id='word_1_111' title='bbox 79 2592 222 2676; x_wconf 84' lang='lat' dir='ltr'>oculos,</span> <span class='ocrx_word' id='word_1_112' title='bbox 240 2589 420 2663; x_wconf 88' lang='lat' dir='ltr'>nechabet</span> <span class='ocrx_word' id='word_1_113' title='bbox 437 2589 542 2660; x_wconf 84' lang='lat' dir='ltr'>ullum</span> <span class='ocrx_word' id='word_1_114' title='bbox 563 2612 644 2662; x_wconf 88' lang='lat' dir='ltr'>curn</span> <span class='ocrx_word' id='word_1_115' title='bbox 661 2590 787 2664; x_wconf 82' lang='lat' dir='ltr'>virmte</span> <span class='ocrx_word' id='word_1_116' title='bbox 804 2617 899 2666; x_wconf 85' lang='lat' dir='ltr'>com·</span> 
     </span>
    </p>

    <p class='ocr_par' dir='ltr' id='par_1_6' title="bbox 68 2699 898 2799">
     <span class='ocr_line' id='line_1_19' title="bbox 68 2699 898 2799; baseline 0.005 -24"><span class='ocrx_word' id='word_1_117' title='bbox 68 2728 105 2776; x_wconf 85' lang='lat' dir='ltr'>n.</span> <span class='ocrx_word' id='word_1_118' title='bbox 125 2702 255 2776; x_wconf 84' lang='lat' dir='ltr'>Invitus</span> <span class='ocrx_word' id='word_1_119' title='bbox 271 2702 409 2799; x_wconf 90' lang='lat' dir='ltr'>quidem</span> <span class='ocrx_word' id='word_1_120' title='bbox 427 2699 515 2790; x_wconf 84' lang='lat' dir='ltr'>feci,</span> <span class='ocrx_word' id='word_1_121' title='bbox 535 2721 574 2776; x_wconf 85' lang='lat' dir='ltr'>ut</span> <span class='ocrx_word' id='word_1_122' title='bbox 594 2699 759 2776; x_wconf 81' lang='lat' dir='ltr'>fortiffimi</span> <span class='ocrx_word' id='word_1_123' title='bbox 774 2703 839 2778; x_wconf 82' lang='lat' dir='ltr'>viri</span> <span class='ocrx_word' id='word_1_124' title='bbox 852 2705 898 2779; x_wconf 87' lang='lat' dir='ltr'>T.</span> 
     </span>
    </p>

    <p class='ocr_par' dir='ltr' id='par_1_7' title="bbox 68 2809 902 3457">
     <span class='ocr_line' id='line_1_20' title="bbox 68 2809 898 2907; baseline 0.01 -26"><span class='ocrx_word' id='word_1_125' title='bbox 68 2810 106 2883; x_wconf 88' lang='lat' dir='ltr'>ni</span> <span class='ocrx_word' id='word_1_126' title='bbox 128 2809 263 2893; x_wconf 84' lang='lat' dir='ltr'>fratrem</span> <span class='ocrx_word' id='word_1_127' title='bbox 281 2815 318 2882; x_wconf 74' lang='lat' dir='ltr'>L</span> <span class='ocrx_word' id='word_1_128' title='bbox 336 2810 554 2885; x_wconf 85' lang='lat' dir='ltr'>Flamininum</span> <span class='ocrx_word' id='word_1_129' title='bbox 565 2834 586 2883; x_wconf 84' lang='lat' dir='ltr'>e</span> <span class='ocrx_word' id='word_1_130' title='bbox 599 2811 711 2886; x_wconf 87' lang='lat' dir='ltr'>senatu</span> <span class='ocrx_word' id='word_1_131' title='bbox 722 2812 898 2907; x_wconf 88' lang='lat' dir='ltr'>eiicerem,</span> 
     </span>
     <span class='ocr_line' id='line_1_21' title="bbox 68 2918 902 3015; baseline 0.004 -21"><span class='ocrx_word' id='word_1_132' title='bbox 68 2918 162 2994; x_wconf 83' lang='lat' dir='ltr'>aunis</span> <span class='ocrx_word' id='word_1_133' title='bbox 181 2918 281 3015; x_wconf 81' lang='lat' dir='ltr'>post,</span> <span class='ocrx_word' id='word_1_134' title='bbox 297 2942 398 3015; x_wconf 83' lang='lat' dir='ltr'>quana</span> <span class='ocrx_word' id='word_1_135' title='bbox 417 2918 532 2992; x_wconf 88' lang='lat' dir='ltr'>consul</span> <span class='ocrx_word' id='word_1_136' title='bbox 552 2918 754 2994; x_wconf 74' lang='lat' dir='ltr'>suilietrsed</span> <span class='ocrx_word' id='word_1_137' title='bbox 774 2938 902 2998; x_wconf 77' lang='lat' dir='ltr'>noran.-¹</span> 
     </span>
     <span class='ocr_line' id='line_1_22' title="bbox 68 3028 897 3120; baseline 0.002 -18"><span class='ocrx_word' id='word_1_138' title='bbox 68 3029 149 3103; x_wconf 73' lang='lat' dir='ltr'>atavi</span> <span class='ocrx_word' id='word_1_139' title='bbox 168 3028 350 3102; x_wconf 88' lang='lat' dir='ltr'>libidinem.</span> <span class='ocrx_word' id='word_1_140' title='bbox 381 3029 437 3101; x_wconf 88' lang='lat' dir='ltr'>llle</span> <span class='ocrx_word' id='word_1_141' title='bbox 454 3029 546 3103; x_wconf 81' lang='lat' dir='ltr'>eninr</span> <span class='ocrx_word' id='word_1_142' title='bbox 564 3055 641 3104; x_wconf 89' lang='lat' dir='ltr'>cum</span> <span class='ocrx_word' id='word_1_143' title='bbox 666 3029 747 3107; x_wconf 83' lang='lat' dir='ltr'>effet</span> <span class='ocrx_word' id='word_1_144' title='bbox 766 3032 897 3120; x_wconf 80' lang='lat' dir='ltr'>consui,</span> 
     </span>
     <span class='ocr_line' id='line_1_23' title="bbox 68 3137 896 3228; baseline 0.002 -15"><span class='ocrx_word' id='word_1_145' title='bbox 68 3157 256 3225; x_wconf 73' lang='lat' dir='ltr'>uxoratus</span> <span class='ocrx_word' id='word_1_146' title='bbox 270 3137 306 3210; x_wconf 89' lang='lat' dir='ltr'>in</span> <span class='ocrx_word' id='word_1_147' title='bbox 323 3139 518 3214; x_wconf 82' lang='lat' dir='ltr'>convivioa</span> <span class='ocrx_word' id='word_1_148' title='bbox 529 3141 643 3214; x_wconf 82' lang='lat' dir='ltr'>scorto</span> <span class='ocrx_word' id='word_1_149' title='bbox 654 3140 723 3228; x_wconf 86' lang='lat' dir='ltr'>est,</span> <span class='ocrx_word' id='word_1_150' title='bbox 738 3159 775 3212; x_wconf 87' lang='lat' dir='ltr'>ut</span> <span class='ocrx_word' id='word_1_151' title='bbox 789 3141 896 3215; x_wconf 83' lang='lat' dir='ltr'>securi</span> 
     </span>
     <span class='ocr_line' id='line_1_24' title="bbox 68 3246 896 3346; baseline 0 -27"><span class='ocrx_word' id='word_1_152' title='bbox 68 3246 210 3346; x_wconf 77' lang='lat' dir='ltr'>aliquem</span> <span class='ocrx_word' id='word_1_153' title='bbox 234 3271 374 3338; x_wconf 86' lang='lat' dir='ltr'>eorum,</span> <span class='ocrx_word' id='word_1_154' title='bbox 394 3248 505 3345; x_wconf 90' lang='lat' dir='ltr'>quiin</span> <span class='ocrx_word' id='word_1_155' title='bbox 524 3249 668 3322; x_wconf 86' lang='lat' dir='ltr'>vinculis</span> <span class='ocrx_word' id='word_1_156' title='bbox 684 3246 784 3320; x_wconf 80' lang='lat' dir='ltr'>effenr</span> <span class='ocrx_word' id='word_1_157' title='bbox 797 3248 896 3320; x_wconf 88' lang='lat' dir='ltr'>dam·</span> 
     </span>
     <span class='ocr_line' id='line_1_25' title="bbox 71 3352 894 3457; baseline -0.001 -22"><span class='ocrx_word' id='word_1_158' title='bbox 71 3352 229 3457; x_wconf 73' lang='lat' dir='ltr'>capitalis.</span> <span class='ocrx_word' id='word_1_159' title='bbox 250 3359 306 3432; x_wconf 89' lang='lat' dir='ltr'>hic</span> <span class='ocrx_word' id='word_1_160' title='bbox 316 3360 422 3446; x_wconf 84' lang='lat' dir='ltr'>Tito,</span> <span class='ocrx_word' id='word_1_161' title='bbox 443 3357 543 3432; x_wconf 85' lang='lat' dir='ltr'>fratre</span> <span class='ocrx_word' id='word_1_162' title='bbox 557 3356 638 3447; x_wconf 85' lang='lat' dir='ltr'>suo,</span> <span class='ocrx_word' id='word_1_163' title='bbox 651 3356 801 3448; x_wconf 83' lang='lat' dir='ltr'>censore,</span> <span class='ocrx_word' id='word_1_164' title='bbox 815 3358 894 3457; x_wconf 81' lang='lat' dir='ltr'>(qui</span> 
     </span>
    </p>

    <p class='ocr_par' dir='ltr' id='par_1_8' title="bbox 68 3466 894 3794">
     <span class='ocr_line' id='line_1_26' title="bbox 68 3466 894 3565; baseline 0.004 -21"><span class='ocrx_word' id='word_1_165' title='bbox 68 3494 105 3544; x_wconf 76' lang='lat' dir='ltr'>us</span> <span class='ocrx_word' id='word_1_166' title='bbox 119 3490 195 3542; x_wconf 85' lang='lat' dir='ltr'>anre</span> <span class='ocrx_word' id='word_1_167' title='bbox 213 3493 267 3541; x_wconf 88' lang='lat' dir='ltr'>me</span> <span class='ocrx_word' id='word_1_168' title='bbox 279 3467 386 3541; x_wconf 79' lang='lat' dir='ltr'>firerat</span> <span class='ocrx_word' id='word_1_169' title='bbox 398 3468 433 3565; x_wconf 89' lang='lat'>,)</span> <span class='ocrx_word' id='word_1_170' title='bbox 449 3466 652 3563; x_wconf 86' lang='lat' dir='ltr'>elapsusest;</span> <span class='ocrx_word' id='word_1_171' title='bbox 666 3466 747 3538; x_wconf 85' lang='lat' dir='ltr'>mihi</span> <span class='ocrx_word' id='word_1_172' title='bbox 762 3494 846 3542; x_wconf 83' lang='lat' dir='ltr'>vero</span> <span class='ocrx_word' id='word_1_173' title='bbox 859 3495 894 3547; x_wconf 82' lang='lat' dir='ltr'>er</span> 
     </span>
     <span class='ocr_line' id='line_1_27' title="bbox 68 3577 894 3678; baseline 0.005 -24"><span class='ocrx_word' id='word_1_174' title='bbox 68 3578 250 3677; x_wconf 84' lang='lat' dir='ltr'>reutiquam</span> <span class='ocrx_word' id='word_1_175' title='bbox 264 3578 400 3675; x_wconf 88' lang='lat' dir='ltr'>probari</span> <span class='ocrx_word' id='word_1_176' title='bbox 414 3580 523 3675; x_wconf 81' lang='lat' dir='ltr'>potuit</span> <span class='ocrx_word' id='word_1_177' title='bbox 535 3600 601 3653; x_wconf 85' lang='lat' dir='ltr'>tarn</span> <span class='ocrx_word' id='word_1_178' title='bbox 615 3577 773 3678; x_wconf 70' lang='lat' dir='ltr'>flagitiosa</span> <span class='ocrx_word' id='word_1_179' title='bbox 782 3600 894 3658; x_wconf 81' lang='lat' dir='ltr'>ettam</span> 
     </span>
     <span class='ocr_line' id='line_1_28' title="bbox 72 3687 892 3794; baseline 0.012 -34"><span class='ocrx_word' id='word_1_180' title='bbox 72 3687 300 3785; x_wconf 87' lang='lat' dir='ltr'>iibido‚quae</span> <span class='ocrx_word' id='word_1_181' title='bbox 320 3715 396 3761; x_wconf 90' lang='lat' dir='ltr'>cum</span> <span class='ocrx_word' id='word_1_182' title='bbox 411 3689 539 3786; x_wconf 88' lang='lat' dir='ltr'>probro</span> <span class='ocrx_word' id='word_1_183' title='bbox 559 3691 695 3787; x_wconf 77' lang='lat' dir='ltr'>privato</span> <span class='ocrx_word' id='word_1_184' title='bbox 706 3694 892 3794; x_wconf 85' lang='lat' dir='ltr'>coniunge·</span> 
     </span>
    </p>

    <p class='ocr_par' dir='ltr' id='par_1_9' title="bbox 67 3798 963 4122">
     <span class='ocr_line' id='line_1_29' title="bbox 68 3798 963 3908; baseline 0.01 -34"><span class='ocrx_word' id='word_1_185' title='bbox 68 3798 126 3874; x_wconf 85' lang='lat' dir='ltr'>erii</span> <span class='ocrx_word' id='word_1_186' title='bbox 137 3800 293 3876; x_wconf 83' lang='lat' dir='ltr'>dedecus.</span> <span class='ocrx_word' id='word_1_187' title='bbox 312 3802 416 3896; x_wconf 84' lang='lat' dir='ltr'>Saepe</span> <span class='ocrx_word' id='word_1_188' title='bbox 432 3801 545 3874; x_wconf 74' lang='lat' dir='ltr'>audiui</span> <span class='ocrx_word' id='word_1_189' title='bbox 564 3827 582 3874; x_wconf 93' lang='lat' dir='ltr'>a</span> <span class='ocrx_word' id='word_1_190' title='bbox 600 3804 781 3881; x_wconf 84' lang='lat' dir='ltr'>maioribus</span> <span class='ocrx_word' id='word_1_191' title='bbox 791 3824 900 3898; x_wconf 84' lang='lat' dir='ltr'>naru,&#39;</span> <span class='ocrx_word' id='word_1_192' title='bbox 917 3833 963 3908; x_wconf 67' lang='lat'>¹³</span> 
     </span>
     <span class='ocr_line' id='line_1_30' title="bbox 67 3910 943 4004; baseline 0.009 -22"><span class='ocrx_word' id='word_1_193' title='bbox 67 3932 153 3982; x_wconf 87' lang='lat' dir='ltr'>orro</span> <span class='ocrx_word' id='word_1_194' title='bbox 167 3933 290 4004; x_wconf 86' lang='lat' dir='ltr'>pueros</span> <span class='ocrx_word' id='word_1_195' title='bbox 312 3934 330 3980; x_wconf 89' lang='lat' dir='ltr'>a</span> <span class='ocrx_word' id='word_1_196' title='bbox 346 3910 476 3983; x_wconf 85' lang='lat' dir='ltr'>senibus</span> <span class='ocrx_word' id='word_1_197' title='bbox 496 3913 619 3989; x_wconf 77' lang='lat' dir='ltr'>audiiie</span> <span class='ocrx_word' id='word_1_198' title='bbox 640 3913 813 4004; x_wconf 76' lang='lat' dir='ltr'>dicebant,</span> <span class='ocrx_word' id='word_1_199' title='bbox 828 3918 892 3990; x_wconf 90' lang='lat' dir='ltr'>mi·</span> <span class='ocrx_word' id='word_1_200' title='bbox 910 3951 943 4002; x_wconf 68' lang='lat'>43</span> 
     </span>
     <span class='ocr_line' id='line_1_31' title="bbox 68 4016 895 4122; baseline 0.013 -33"><span class='ocrx_word' id='word_1_201' title='bbox 68 4017 150 4092; x_wconf 85' lang='lat' dir='ltr'>itum</span> <span class='ocrx_word' id='word_1_202' title='bbox 170 4016 212 4088; x_wconf 90' lang='lat' dir='ltr'>C.</span> <span class='ocrx_word' id='word_1_203' title='bbox 226 4018 411 4091; x_wconf 88' lang='lat' dir='ltr'>Fabricium</span> <span class='ocrx_word' id='word_1_204' title='bbox 423 4069 435 4106; x_wconf 87' lang='lat'>‚</span> <span class='ocrx_word' id='word_1_205' title='bbox 447 4020 561 4113; x_wconf 84' lang='lat' dir='ltr'>quod,</span> <span class='ocrx_word' id='word_1_206' title='bbox 575 4048 653 4095; x_wconf 90' lang='lat' dir='ltr'>cum</span> <span class='ocrx_word' id='word_1_207' title='bbox 669 4026 758 4121; x_wconf 91' lang='lat' dir='ltr'>apud</span> <span class='ocrx_word' id='word_1_208' title='bbox 778 4049 895 4122; x_wconf 86' lang='lat' dir='ltr'>regem</span> 
     </span>
    </p>
   </div>
   <div class='ocr_carea' id='block_1_5' title="bbox 68 4129 896 4326">
    <p class='ocr_par' dir='ltr' id='par_1_10' title="bbox 68 4129 896 4326">
     <span class='ocr_line' id='line_1_32' title="bbox 68 4129 896 4305; baseline 0.002 -96"><span class='ocrx_word' id='word_1_209' title='bbox 68 4156 92 4209; x_wconf 86' lang='lat' dir='ltr'>u</span> <span class='ocrx_word' id='word_1_210' title='bbox 106 4131 232 4230; x_wconf 79' lang='lat' dir='ltr'>legans</span> <span class='ocrx_word' id='word_1_211' title='bbox 245 4131 335 4224; x_wconf 80' lang='lat' dir='ltr'>effer,</span> <span class='ocrx_word' id='word_1_212' title='bbox 348 4133 513 4210; x_wconf 75' lang='lat' dir='ltr'>audiuera</span> <span class='ocrx_word' id='word_1_213' title='bbox 524 4134 682 4305; x_wconf 62' lang='lat' dir='ltr'>Tippffalo</span> <span class='ocrx_word' id='word_1_214' title='bbox 695 4129 896 4223; x_wconf 69' lang='lat' dir='ltr'>cineneffe</span> 
     </span>
     <span class='ocr_line' id='line_1_33' title="bbox 623 4259 649 4326; baseline 0 0"><span class='ocrx_word' id='word_1_215' title='bbox 623 4259 649 4326; x_wconf 82' lang='lat'>4</span> 
     </span>
    </p>
   </div>
   <div class='ocr_carea' id='block_1_6' title="bbox 0 0 1174 4628">
    <p class='ocr_par' dir='ltr' id='par_1_11' title="bbox 0 0 1174 4628">
     <span class='ocr_line' id='line_1_34' title="bbox 0 0 1174 4628; baseline 0 0"><span class='ocrx_word' id='word_1_216' title='bbox 0 0 1174 4628; x_wconf 95' lang='lat' dir='ltr'> </span> 
     </span>
    </p>
   </div>
  </div>
 </body>
</html>
