2340 4628
144 666 217 721 ato
471 643 502 715 L
525 640 555 712 Α
577 640 607 712 Ε
629 640 657 712 L
679 638 697 710 t
719 640 755 713 U
776 638 804 713 S
1000 636 1017 665 ⁸
1139 520 1142 653 i

142 794 1104 907 quamquamillequidemnilrildiffitil'nseffedieeh,

142 938 246 1013 quam
258 910 437 985 amicitiam
451 911 555 1010 usque
567 911 610 984 ad
624 930 813 1001 amenum
825 912 920 986 vitae
931 934 1102 1013 pamene-

143 1046 297 1110 re.nam
311 1018 1103 1121 velutnnnidemerpedirettttrique,incidue

143 1132 258 1233 saepe;
270 1130 602 1229 velutderepubliea
613 1154 683 1204 non
691 1133 782 1207 idem
794 1133 1100 1212 sentirenremtttati

143 1243 245 1317 etiam
261 1268 374 1318 mores
389 1241 567 1315 hominum
587 1242 683 1338 saepe
700 1242 852 1334 dicebat,
863 1244 948 1320 alias
965 1245 1101 1321 adverse
1139 1312 1142 1385 4

144 1352 262 1446 rebus,
276 1352 355 1427 alias
368 1369 475 1426 aetate
485 1350 743 1451 ingravescente.
753 1370 1101 1450 atqueeammrettm
1140 1392 1142 1421 ι

143 1464 337 1563 exemplum
358 1488 399 1537 ex
415 1462 629 1536 smilitudine
644 1462 797 1561 capiebat
812 1462 960 1541 inerintis
973 1467 1102 1557 araus,
1140 1486 1142 1491 '

144 1573 238 1669 quod
254 1571 372 1647 summi
387 1586 570 1669 puerorum
582 1594 715 1646 amores
729 1571 825 1668 saepe
837 1598 906 1645 una
915 1596 997 1647 eum
1010 1596 1102 1673 prae·
1140 1658 1142 1667 ¹

93 1700 128 1757 at
146 1700 236 1755 texta
248 1698 463 1777 ponerentur.
488 1684 547 1756 Sin
570 1700 680 1758 autem
696 1683 740 1757 ad
752 1682 1012 1759 adolescentia
1028 1710 1100 1783 per·

144 1790 329 1881 duxiffent3
345 1790 456 1866 dirimi
478 1816 591 1867 nmen
612 1792 779 1868 interdum
800 1793 1101 1890 contuitionem!

143 1902 283 1975 ttxoriae
308 1901 529 1993 conditionis,
551 1901 609 1977 vel
633 1903 808 1978 commodi
832 1904 996 1994 aliertius,
1014 1901 1101 2005 quod

144 2012 236 2088 idem
258 2014 392 2113 adipisci
410 2032 552 2114 uterque
572 2039 643 2088 non
659 2014 778 2113 pofl'et.
794 2018 893 2116 quod
909 2017 935 2092 si
953 2018 1015 2119 qui
1029 2020 1101 2093 iun·

143 2123 219 2222 gius
231 2124 266 2196 in
280 2123 423 2199 amicitia
436 2124 590 2223 provedli
603 2124 724 2217 essent,
734 2146 845 2201 tamen
856 2127 956 2226 saepe
965 2128 1101 2204 labefac-

144 2233 260 2324 tari,sr
275 2235 309 2308 in
321 2237 463 2311 honoris
481 2234 737 2311 contentionem
750 2235 962 2314 incidissent:
983 2239 1101 2339 pellem

143 2344 235 2417 enim
249 2347 412 2421 maiorem
429 2346 495 2422 effe
508 2345 630 2443 nuliam
643 2344 817 2435 amicitiis,
831 2371 934 2444 quam
946 2347 983 2420 iu
996 2348 1102 2446 pleris-

143 2474 209 2549 que
223 2454 382 2552 pecuniae
396 2454 609 2555 cupiditatem
621 2478 633 2542 ;
647 2453 682 2526 in
696 2453 834 2551 optimis
846 2456 1102 2557 quibusqueho-

144 2566 237 2640 noris
250 2588 437 2656 certamen,
449 2589 482 2642 et
494 2567 637 2665 gloriae;
653 2589 697 2637 ex
710 2590 782 2662 quo
795 2563 990 2642 inimicitias
1006 2566 1104 2642 mari·

94 2698 124 2749 at
145 2700 214 2748 mas
229 2677 322 2775 saepe
341 2680 427 2754 inter
443 2677 657 2753 amicissimos
676 2672 842 2747 exstitisse.
865 2677 994 2774 Magna
1009 2677 1104 2753 etiam

143 2783 290 2872 diffidia,
309 2806 343 2860 et
362 2790 556 2885 plerumque
578 2783 659 2857 iusta
681 2780 787 2869 nasci,
810 2807 892 2861 cum
916 2786 1043 2885 aliquid
1065 2786 1103 2860 ab

140 2893 277 2984 amicis,
291 2896 383 2993 quod
402 2896 526 2969 resium
547 2917 617 2967 non
634 2893 729 2982 esset,
742 2890 984 2990 postularetur;
998 2916 1036 2970 ut
1052 2912 1105 2969 aut

139 3001 286 3089 libidinis
306 3005 461 3095 ministri,
480 3027 538 3080 aut
560 3005 731 3079 adiutores
754 3003 858 3077 essent
875 3004 919 3078 ad
941 3003 1104 3080 iniuriam.

141 3118 235 3215 quod
252 3118 309 3217 qui
330 3118 535 3209 recusarent,
550 3115 707 3217 quamvis
726 3113 865 3188 honeste
887 3113 925 3187 id
944 3113 1104 3206 fircerent,

141 3226 194 3302 ius
206 3247 316 3309 tamen
330 3228 495 3303 amicitiae
508 3228 656 3303 deserere
672 3243 889 3325 arguerentur
900 3224 1019 3316 abiis,
1033 3226 1106 3326 qui·

142 3338 203 3412 bus
214 3338 354 3438 obsequi
365 3338 506 3413 nollent:
519 3337 596 3411 illos
608 3335 812 3431 autent,¹qui
826 3332 963 3432 quidvis
972 3335 1015 3409 ab
1026 3334 1106 3410 ami·

144 3473 189 3524 co
210 3450 369 3524 auderent
389 3447 573 3548 postulare,
593 3444 817 3544 postulatione
837 3441 908 3540 ipsa
937 3443 1105 3542 profiteri,

141 3562 256 3634 omnia
267 3563 298 3636 se
308 3561 406 3636 amici
418 3559 513 3636 causa
526 3556 590 3634 effe
603 3556 761 3633 facturos.
773 3560 894 3628 eorum
908 3556 1045 3652 querela
1053 3557 1105 3653 in·

141 3688 307 3744 veteratas
326 3695 396 3744 nnn
415 3670 522 3745 modo
542 3665 777 3742 familiaritates
795 3662 962 3764 exstingui
984 3664 1105 3754 solere,

144 3779 201 3854 sed
223 3779 323 3854 etiam
341 3778 419 3853 odia
440 3767 532 3882 'gigni
551 3776 760 3876 sempiterna.
798 3775 892 3848 Haec
913 3774 960 3848 ita
982 3775 1105 3867 multa,

139 3888 229 3989 quast
243 3888 330 3981 fata,
348 3889 542 3988 impendere
560 3886 731 3978 amicitiis,
751 3908 790 3962 ut
807 3884 922 3960 omnia
937 3884 1120 3960 subterfirr

140 4020 218 4096 gere
231 4021 299 4070 non
315 3999 420 4072 modo
435 3999 634 4100 sapientiae,
645 3997 703 4077 sed
714 3994 815 4075 etiam
827 3994 995 4074 felicitatis
1008 3996 1101 4079 dicu

142 4124 194 4185 ret
206 4104 266 4186 fibi
282 4107 400 4188 videri.
