2340 4628
63 39 620 304 u
1097 292 1100 303 Ι
1155 39 1166 307 Ι

285 340 291 351 ι

537 440 544 453 ⁶
846 454 850 463 r

176 642 250 723 aaa,
499 624 582 707 Lu
606 628 634 707 Ε
659 634 686 707 L
709 636 725 707 1
748 620 784 709 'U
807 622 831 707 's

173 796 276 871 mode
296 794 403 885 dida,
421 796 604 869 memoriae
626 744 840 883 mimdabam3
862 784 1005 899 fieriqae
1025 796 1132 875 stude·

171 908 249 980 bam
270 906 341 979 eius
364 905 539 1003 prudentia
560 906 700 977 dosiior‘.
726 907 810 999 Quo
834 924 998 996 mortuo,
1015 934 1070 981 me
1090 908 1131 983 ad

170 1014 364 1115 pontificem
381 1017 574 1088 Scaevolam
594 1015 746 1097 contulir
766 1038 867 1112 quem
884 1036 991 1107 unum
1005 1016 1131 1091 nostrae

170 1123 313 1199 civitatis
330 1142 365 1193 et
381 1122 515 1217 ingenio
530 1176 542 1207 ,
559 1138 592 1193 et
609 1118 729 1193 inditia
748 1118 1053 1217 praestantissimum
1071 1150 1130 1197 au·

171 1233 237 1304 deo
258 1232 378 1305 dicete.
401 1232 465 1305 Sed
487 1232 529 1303 de
546 1232 613 1303 hoc
628 1232 705 1303 alias
720 1258 729 1303 :
746 1256 834 1304 nunc
854 1231 959 1304 redeo
971 1234 1016 1305 ad
1028 1260 1129 1333 augu-

138 1362 253 1416 ntem,
287 1345 373 1413 Cum
394 1341 489 1436 saepe
514 1337 636 1426 multa,
654 1348 726 1412 t'um
747 1338 886 1415 memini
902 1342 999 1423 dumi
1018 1344 1054 1415 in
1070 1346 1129 1417 he·

169 1452 332 1549 micyclio
357 1451 542 1535 sedentem,
566 1470 605 1522 ut
623 1448 772 1539 solebat,
790 1474 867 1521 cum
889 1469 923 1523 et
944 1476 1013 1551 ego
1030 1452 1128 1529 essem

169 1584 254 1644 una,
272 1577 305 1628 et
318 1557 414 1653 pauci
435 1556 618 1629 admodum
633 1554 832 1645 familiares,
852 1556 889 1630 in
902 1583 980 1631 eum
1001 1559 1128 1636 sermo·

91 1718 98 1735 .
170 1692 246 1742 nem
265 1668 356 1738 iilum
385 1665 551 1756 incidere,
564 1667 622 1765 qui
642 1686 713 1739 tum
731 1668 800 1741 sere
819 1670 975 1745 omnibus
999 1692 1069 1746 erat
1092 1676 1128 1749 in

169 1804 241 1853 ore.
265 1775 440 1849 tueministi
462 1776 551 1849 enim
566 1775 739 1873 profesio,
754 1778 880 1867 Attice,
895 1800 929 1852 et
943 1802 986 1853 eo
1010 1783 1127 1882 magis,

167 1894 261 1991 quod
275 1897 310 1964 P.
320 1890 468 1987 Sulpicio
481 1888 617 1961 utebare
631 1891 794 1981 multum,
815 1889 909 1989 (cum
932 1891 969 1995 is·
978 1894 1126 1969 tribuna

165 2004 271 2101 plebis
297 2000 428 2098 capitali
456 2001 538 2073 odio
557 2026 574 2071 a
597 2002 642 2094 Q.
665 2001 851 2098 Pompeio,
875 1994 936 2100 qui
963 2012 1035 2077 ttim
1057 2020 1126 2083 erat·

167 2110 304 2200 consul,
320 2111 504 2200 diffideret,
518 2136 666 2208 quocum
686 2112 947 2189 eoniunsiiffime
966 2136 1002 2191 et
1017 2142 1126 2191 amam

165 2216 283 2291 tiffime
299 2216 475 2317 vixerat,)
502 2245 621 2317 quanta
645 2221 819 2293 hominum
841 2222 921 2295 esset
942 2226 996 2298 vei
1018 2227 1125 2299 admi·

132 2362 147 2416 3
165 2332 262 2421 ratio,
276 2333 330 2403 vel
344 2335 485 2429 querela.
509 2339 621 2432 ltaque
632 2352 710 2433 tum
728 2335 989 2422 Scaevola,cum
1003 2339 1040 2411 in
1052 2365 1123 2413 eam

164 2439 267 2537 ipsam
288 2442 492 2517 mentionem
519 2442 699 2529 incidisset,
716 2443 866 2539 exposuit
884 2445 984 2518 uobis
1001 2446 1125 2521 sermo·-

164 2574 251 2623 nem·
271 2553 369 2625 [aelii
386 2555 428 2625 de
451 2553 614 2643 amicitia,
640 2552 788 2624 habitum
808 2555 850 2625 ab
864 2548 924 2624 ilio
944 2553 1078 2647 secum,
1091 2570 1124 2630 et

163 2688 240 2735 cum
260 2666 365 2738 altero
383 2690 507 2762 genero
528 2666 567 2736 G
593 2664 742 2751 sannio,
762 2668 809 2737 M.
824 2669 857 2738 F.
873 2668 991 2763 paucis
1011 2669 1124 2741 diebus

163 2772 238 2868 post
263 2797 405 2845 mortem
426 2774 582 2846 Africani,
605 2768 682 2849 Eius
703 2774 933 2871 disputationis
952 2774 1122 2851 sententias

162 2872 343 2954 memoriae
355 2887 530 2970 mandavi,
550 2910 631 2982 quas
650 2884 683 2956 in
702 2886 769 2959 hoc
790 2876 878 2959 libro
890 2882 1030 2985 exposui
1045 2909 1120 2960 meo

162 2992 332 3066 arbitratu.
351 2993 439 3089 quasi
455 2994 543 3068 enim
560 2994 648 3090 ipsos
667 2995 782 3070 induxi
799 2998 991 3092 soquentes,
1008 3025 1051 3073 ne
1069 3003 1121 3070 in·

161 3129 280 3196 quam,
297 3121 348 3186 et,
362 3105 490 3197 inquit,
511 3101 636 3198 saepius
654 3102 938 3201 interponeretur;
952 3124 1052 3204 atque
1064 3124 1120 3195 ut,

161 3230 319 3309 tanquam
336 3237 353 3283 a
372 3213 608 3310 praesentibus,
628 3236 740 3286 coram
763 3212 876 3287 haberi
895 3214 1007 3289 sermo
1026 3215 1121 3287 vide·

127 3347 145 3395 4
162 3342 260 3393 tetur.
282 3323 369 3394 Cum
392 3322 480 3394 enim
500 3320 593 3415 saepe
613 3347 742 3395 mecum
764 3348 897 3421 ageres,
918 3345 957 3397 ut
976 3325 1019 3397 de
1041 3325 1121 3399 ami·

160 3429 236 3501 citia
251 3429 425 3504 scriberem
441 3429 574 3527 aliquid,
593 3430 691 3528 digna
711 3431 793 3503 mihi
806 3456 856 3505 res
877 3457 955 3505 cum
966 3433 1120 3505 omnium

160 3541 368 3636 cognitione,
384 3562 455 3615 tum
471 3541 580 3614 nostra
598 3543 829 3623 familiaritate,
847 3542 917 3618 visa
930 3541 987 3615 est.
1009 3542 1120 3640 itaque

159 3648 225 3721 feci
251 3674 320 3721 non
341 3651 485 3743 invitus,
506 3674 542 3725 ut
568 3651 753 3748 prodessem
780 3652 891 3726 multis
909 3676 972 3725 tuo
991 3670 1119 3749 rogatu.

159 3755 245 3839 Sed,
258 3774 295 3827 ut
310 3755 344 3827 in
361 3757 492 3834 Catone
505 3758 651 3849 Maiore,
672 3761 730 3859 qui
745 3760 790 3833 est
804 3759 944 3858 scriptus
962 3760 1005 3833 ad
1025 3783 1059 3833 te
1079 3762 1118 3833 de

160 3861 339 3947 senedute,
354 3863 517 3937 Catonem
530 3866 642 3939 induxi
664 3868 775 3938 senem
789 3867 1030 3965 disputantem,
1044 3864 1119 3965 quia

158 3970 249 4044 nulla
271 3970 444 4045 videbatur
470 3977 578 4070 aptior
597 3975 756 4071 persona,
778 4001 862 4071 quae
880 3964 922 4051 de
940 3978 995 4051 illa
1015 3997 1120 4051 aetate

158 4075 368 4177 loqueretur,
386 4106 485 4180 quam
499 4083 585 4175 eius,
602 4085 661 4183 qui
677 4106 711 4160 et
733 4082 911 4159 diunffime
930 4084 1031 4160 senex
1047 4074 1121 4161 fuis·
