2340 4560
308 657 802 734 rrrsronrcos.
981 684 1055 761 479
1137 656 1140 669 “

128 816 184 895 qul
199 815 260 895 regi
279 836 424 880 venenum
441 818 471 881 se
491 819 624 881 daturum
641 816 824 898 promiserat,
840 816 947 899 Pyrrho
964 821 1054 884 dedit.

129 922 161 972 4·
185 898 274 959 iustus
298 901 472 961 nominatur.
496 899 581 962 Tusc.
600 920 633 981 3,
657 921 703 982 23.
724 902 898 979 paupertatis
918 901 1074 964 toletana·

131 978 204 1057 Leg.
224 1000 260 1053 2,
278 1000 324 1062 ²³·
341 980 372 1041 in
386 981 456 1043 urbe
477 980 602 1059 sepultus
625 981 684 1055 est,
703 981 782 1058 quod
796 982 831 1041 in
855 980 925 1045 XII.
948 983 1054 1045 tabulis

131 1058 313 1138 prohibetur.
334 1065 396 1122 add.
410 1063 489 1124 Orat.
516 1085 553 1138 2,
571 1064 618 1125 66.
640 1081 673 1144 3,
692 1081 736 1140 ¹5·
756 1060 849 1124 Plane.
870 1081 916 1143 25.

89 1139 126 1202 C.
133 1143 185 1281 gud
193 1140 224 1203 L
241 1140 422 1218 Flumen,
439 1142 556 1206 Cluent.
573 1144 616 1205 16.
632 1141 832 1218 Aletrinater„
842 1141 997 1221 Oppianici
1012 1134 1067 1204 far-⁸

187 1240 267 1284 taret.
422 1264 429 1270 -

91 1303 132 1380 Q,
155 1301 370 1378 FABRICIUS,
384 1302 460 1366 Sext.
475 1325 519 1385 35.
533 1303 598 1365 trib.
614 1303 653 1382 pl.
672 1305 781 1382 prirnue
795 1301 873 1365 VIII.
884 1301 949 1367 Kal.
968 1302 1051 1366 Febr.

134 1382 165 1444 P.
183 1381 309 1445 Lentulo
327 1383 479 1462 Spinthere
495 1383 563 1448 Cos.
580 1385 760 1462 rogationem
779 1384 835 1446 fert
858 1386 895 1446 de
910 1385 1054 1448 Cicerone

134 1465 308 1526 revocando.
332 1464 369 1526 cf.
398 1465 430 1526 in
446 1467 512 1528 Sen.
528 1464 591 1544 post
611 1465 682 1528 Red.
702 1465 730 1530 8.

92 1542 249 1620 FABIUS,
268 1545 304 1606 ad
321 1542 385 1606 niv:
409 1567 460 1620 ιο,
488 1568 531 1627 32.
555 1545 637 1607 miles
658 1547 777 1624 quidam
799 1545 1014 1625 Pompeianus,
1036 1563 1055 1608 a
1157 1562 1164 1593 '-

134 1623 225 1687 Balbo
242 1626 353 1686 minore
371 1626 524 1689 crudeliter
539 1630 683 1688 tractatus.
1145 1652 1149 1671 ·

94 1706 132 1783 Q.
154 1705 310 1780 HUIUS.
329 1704 402 1768 Phil
425 1729 463 1783 2,
486 1729 513 1770 2.
529 1706 695 1784 libertinus,
711 1709 793 1778 cuiue
809 1707 899 1772 liliam
914 1707 997 1769 duxit
1009 1705 1054 1771 Μ.

133 1787 280 1847 Antonius
294 1786 447 1849 Triumvir.

94 1867 133 1945 Q.
153 1865 291 1930 FADIUS
312 1868 455 1931 GALLUS
465 1915 474 1942 ‚
492 1867 554 1929 Fin.
577 1891 613 1944 2,
631 1889 674 1945 17.
691 1870 752 1930 eius
770 1868 828 1932 lilia
846 1870 942 1932 Fadia.
961 1867 1034 1931 ibid.

93 1947 173 2009 SEX.
196 1947 350 2023 FABIUS,
372 1950 408 2010 ad
426 1949 491 2012 Diu.
506 1971 544 2029 7,
559 1970 604 2012 20.
625 1950 746 2013 Niconis
766 1950 872 2012 medici
889 1948 1057 2029 discipulus.

93 2027 127 2091 Τ.
148 2027 307 2105 FABIUS,
328 2031 388 2091 Att.
410 2051 445 2111 3,
465 2049 510 2112 23.
529 2029 593 2091 trib.
615 2029 654 2108 pl.
680 2030 803 2094 Lentulo
817 2029 970 2110 Spinthere
985 2028 1055 2094 cos.

131 2109 196 2251 llist
216 2110 289 2172 Red.
297 2111 336 2251 gn
356 2110 422 2251 {sens
441 2111 469 2172 8.
500 2112 640 2188 Quaestor
664 2111 807 2176 Cicerone
837 2110 1056 2177 confortat

169 2210 197 2250 v.
248 2210 290 2264 ‚r
317 2211 355 2251 ‚e
389 2213 427 2255 u.
727 2213 729 2218 ¹

93 2211 312 2344 FALCIDIUS,
332 2271 424 2333 Flacc.
447 2291 491 2352 37.
509 2272 579 2332 civis
602 2272 685 2333 Rom.
708 2273 744 2332 de
763 2272 857 2349 plebe.

94 2350 125 2412 C.
149 2351 370 2427 Fructulus.
393 2352 494 2415 Manil.
518 2375 560 2435 19.
577 2352 642 2411 trib.
662 2351 700 2429 pl.
720 2357 747 2413 ἃ
761 2373 838 2412 anno
853 2352 915 2431 post
932 2351 1053 2430 legatus.

94 2432 125 2497 C.
146 2432 330 2505 FBNNIUS,
348 2434 378 2494 C.
401 2433 432 2496 F.
454 2434 529 2492 Brut.
552 2433 596 2492 26.
622 2433 722 2493 Oratio
747 2434 783 2492 de
804 2432 935 2492 sociis&
962 2432 1056 2493 nomi-

132 2533 170 2572 ne
192 2512 295 2574 latino
318 2525 418 2575 contra
447 2511 609 2573 Gracchum
634 2533 669 2572 an
690 2513 750 2572 eius
770 2514 824 2573 Bt?
853 2510 963 2575 Consul
986 2531 1055 2573 cum

132 2593 262 2655 Domitio
285 2594 340 2654 fuit
357 2620 382 2654 a.
402 2593 572 2656 DCXXXI.
595 2592 630 2651 cf.
646 2594 695 2655 Or.
717 2592 719 2596 ’
749 2640 757 2665 ,
778 2615 825 2667 47.

93 2673 125 2735 C.
151 2674 337 2749 FaNNIUS.
360 2677 403 2737 Μ.
431 2675 461 2736 F.
489 2676 564 2735 Brut.
591 2675 636 2735 26.
662 2674 719 2735 Lae
732 2675 751 2733 ii
775 2693 881 2752 gener,
909 2671 1054 2736 historiam

132 2775 193 2816 non
211 2755 402 2834 inelegantem
423 2755 537 2832 scriplit.
557 2754 604 2817 Br.
627 2776 672 2815 21.
696 2755 745 2817 Or.
766 2779 800 2828 2,
818 2757 865 2834 67.
880 2753 986 2833 scriplrt
1005 2775 1057 2818 an·

133 2836 223 2898 noles.
245 2838 323 2901 conf.
342 2837 426 2898 Tusc.
446 2861 483 2911 4,
505 2858 547 2914 17.
569 2836 635 2913 Leg.
661 2857 692 2909 1,
717 2859 742 2896 2.
766 2836 843 2900 Brut.
862 2836 909 2913 87.
934 2839 995 2898 Act.
1015 2862 1053 2912 4,

136 2919 181 2979 16.
204 2918 241 2978 de
259 2919 432 2994 compendio
459 2917 596 3012 historiae¹
613 2916 790 3012 Fanniarrae,
811 2919 890 2996 quod
917 2917 961 2980 Μ.
984 2918 1056 2983 Bru·

93 2998 611 3161 ctffimgssaffir010csser3sgtrss3a
621 3000 881 3155 {lililhl'eliie
901 3080 929 3138 a
949 3076 1054 3138 arturo

131 3158 210 3221 Coll.
234 3180 291 3236 quo
314 3158 380 3219 usus
400 3160 518 3221 Bibulus
542 3158 572 3215 in
595 3158 781 3232 impedienda
810 3158 928 3232 Agraria
952 3155 1056 3217 Caesa-

131 3242 179 3300 ris.
195 3239 263 3301 Har.
285 3240 368 3318 Relp.
382 3239 409 3301 6.
430 3240 568 3316 pontifex.
586 3239 647 3297 Aa.
670 3259 708 3307 2.
727 3234 950 3312 24subscripl1t
973 3237 1003 3295 in
1022 3237 1053 3297 P.

131 3320 274 3383 Clodium
295 3343 334 3398 7.
357 3341 400 3400 ις.
414 3322 442 3380 in
459 3319 583 3381 Siciliam
603 3316 664 3393 post
681 3315 835 3377 Fulfanum
849 3316 987 3389 mittitur,
1000 3316 1055 3375 ini.

132 3404 174 3461 tio
209 3400 278 3460 belli
306 3401 405 3462 civilis.
429 3401 467 3473 8,
499 3419 542 3478 ¹5·
566 3412 678 3475 praetor
703 3396 823 3456 Siciliae.
853 3393 925 3456 Phil.
950 3417 1003 3476 13,
1024 3397 1054 3457 6.

131 3481 305 3559 Pompeium
323 3483 378 3545 Cn.
402 3481 433 3544 F.
452 3480 599 3554 hortatur,
618 3490 651 3538 ut
669 3495 737 3537 cum
753 3476 808 3537 suis
825 3477 916 3556 copiis
934 3477 972 3538 ad
985 3476 1054 3540 Mu.

130 3564 222 3622 tinam
244 3575 298 3623 eat.

92 3643 125 3705 C.
146 3643 330 3716 FBNNIUS,
346 3643 425 3703 Verr.
448 3663 481 3714 r,
499 3663 546 3722 49.
565 3659 651 3718 eques
668 3639 751 3701 Rom.
762 3637 836 3717 firm
854 3637 930 3700 idem.

92 3723 124 3786 C.
148 3723 317 3787 FANNIUS
338 3723 526 3795 CHIEREI,
547 3721 584 3799 Q
606 3720 688 3784 Rolc.
715 3741 738 3780 r.
765 3721 840 3779 homo
867 3721 1005 3793 Graecus,
1024 3740 1055 3782 ut

135 3808 265 3866 Chaereae
289 3827 380 3865 nornen
399 3807 510 3865 indicat.
532 3806 582 3884 sed
600 3805 708 3861 ciuitate
728 3803 863 3878 domem,
882 3820 930 3863 aut
949 3827 962 3863 e
976 3806 1054 3886 servo

132 3887 271 3944 libertinus
283 3886 397 3964 sertim
414 3909 431 3943 a
448 3885 555 3943 Fannio
571 3886 689 3962 quodam.

88 3964 136 4031 Μ.
158 3964 181 4027 F
184 3965 345 4039 llNNIUS,
361 3965 439 4025 Brut.
459 3965 504 4025 26.
523 3963 627 4024 Orator
650 3963 752 4024 bunut.

84 4045 134 4121 Μ.
157 4045 342 4120 FANNIUS,
360 4045 388 4106 S.
409 4042 490 4107 Rosc.
513 4064 536 4124 ς.
561 4046 674 4106 Praetor
692 4047 731 4106 A.
749 4049 788 4111 U.
806 4040 1006 4109 Dclxxlll.
1027 4040 1054 4101 ὁ

130 4130 271 4211 Quaefitor
286 4129 316 4189 r'n
333 4129 413 4210 σαψ
431 4127 532 4210 Roscii.
