2340 4628
93 702 236 752 ,an
508 670 838 778 LAELIUS

89 906 92 911 .
156 838 243 915 mihi
262 859 306 911 eo
326 833 432 936 magis
445 833 494 911 est
513 834 628 923 cordi,
646 834 740 935 quod
763 859 806 908 ex
824 834 988 913 omnibus
1010 834 1116 913 secuit

37 1002 45 1015 .
157 946 313 1047 vinetia,
327 965 383 1020 aut
398 966 542 1045 quatuor
564 943 778 1019 nominantur
801 942 894 1043 paria
914 947 1115 1023 amicoruma

156 1080 230 1155 quo
255 1054 290 1128 in
307 1080 428 1154 genere
452 1055 580 1153 sperare
599 1056 744 1145 videor,
771 1054 942 1153 Scipionis
967 1080 1004 1135 et
1025 1056 1114 1135 laelii

109 1175 142 1226 ¹⁶
159 1165 339 1239 amicitiam
354 1183 465 1238 notam
477 1163 661 1262 posteritati
672 1163 757 1239 sore.
770 1168 932 1241 Fannius.
945 1168 1034 1245 istud
1043 1169 1113 1270 qui·
1127 1234 1132 1245 .

157 1277 258 1366 dem,
279 1274 391 1365 Laeli,
404 1275 449 1347 ita
463 1273 590 1349 necess'e
601 1272 649 1348 est
666 1300 677 1347 ε
695 1274 771 1362 sed,
783 1275 948 1372 quoniam
959 1278 1113 1355 annicime

156 1389 364 1461 mentionem
378 1385 502 1472 fecisti,
520 1410 554 1460 et
572 1386 685 1460 sumus
703 1384 820 1479 otiofi,
832 1394 1028 1489 pergratum
1040 1390 1112 1467 mihi

155 1494 294 1585 feceris,
306 1494 428 1596 (spero
442 1494 521 1571 item
534 1494 757 1593 Scaeuolam)
775 1494 1111 1597 fi,quemadmodunt

155 1605 258 1692 soles,
279 1606 321 1679 de
343 1602 462 1678 ceteris
481 1603 601 1695 rebus,
619 1628 697 1678 cum
721 1630 764 1679 er
781 1622 814 1679 te
835 1628 1058 1705 qttaenmm
1072 1606 1112 1685 fic

153 1713 358 1793 deamicitia
377 1714 572 1814 disputaris,
591 1712 674 1814 quid
693 1715 833 1808 sentias,
854 1717 992 1814 qualem
1012 1720 1112 1797 emti-

153 1852 244 1914 mes,
256 1850 341 1926 quae
362 1843 537 1924 praecepta
556 1826 625 1899 des.
649 1822 811 1898 semota
840 1825 927 1899 Mihi
940 1850 1109 1941 veroper-

152 1959 283 2037 gratum
303 1934 389 2022 erit;
408 1954 528 2035 atque,
541 1932 576 2006 id
594 1931 701 2030 ipsum
719 1958 796 2007 cunt
812 1950 927 2007 tecum
940 1936 1039 2035 agere
1055 1960 1110 2015 co-
1148 1938 1151 2001 ἕ

153 2070 279 2137 naret,¹
287 2043 426 2117 Fannius
447 2042 634 2117 antevertit.
655 2041 876 2138 quamobrem
900 2038 1034 2145 utfiqte
1052 2070 1109 2121 no·
1149 2058 1151 2105 ἲ

115 2174 133 2249 5
155 2156 254 2231 struem
276 2174 405 2254 gratum
430 2156 613 2228 admodum
640 2153 768 2228 feceris.
788 2158 924 2226 Laelius.
945 2158 1021 2256 Ego
1032 2182 1108 2235 vero

104 2287 136 2337 17
153 2290 223 2339 non
233 2288 406 2364 gravarer,
421 2263 446 2336 fi
461 2264 544 2336 mihi
562 2263 630 2362 ipse
646 2261 865 2337 confiderem.
885 2288 963 2338 nam
980 2285 1016 2341 et
1030 2292 1107 2366 pne
1139 2318 1147 2341 .

151 2374 238 2451 clara
253 2400 306 2449 res
319 2373 384 2463 est,
404 2392 438 2447 et
451 2373 579 2467 sumus,
594 2393 631 2447 ut
652 2373 734 2447 dixit
749 2372 911 2461 Fannius,
927 2374 1038 2452 otioti.
1059 2376 1107 2452 sed

148 2487 225 2586 quis
236 2510 301 2586 ego
312 2486 405 2561 sumi
420 2505 477 2561 aut
489 2512 574 2587 quae
585 2487 620 2561 in
631 2512 685 2560 me
699 2485 745 2559 est
760 2484 920 2561 facultas?
934 2488 1106 2564 doctorum

148 2599 197 2672 est
217 2598 277 2673 ista
296 2599 504 2674 consuetudo
514 2594 535 2689 ,’
545 2623 649 2698 eaque
674 2601 904 2686 Graecorum,
926 2618 965 2673 ut
990 2602 1040 2677 iis'
1054 2624 1108 2701 po·

149 2726 267 2795 natur,
284 2708 327 2781 de
343 2735 414 2805 quo
432 2707 618 2804 disputent,
634 2707 785 2807 quamvis
807 2708 929 2785 subito.
953 2714 1106 2813 Magnum

47 2885 50 2889 ,
148 2839 236 2909 opus
248 2813 308 2904 est,
322 2836 462 2913 egetque
475 2816 716 2890 exercitatione
727 2842 924 2915 nonpatva.
937 2820 1107 2912 Quamob-

69 2991 73 3000 .
146 2949 220 2997 rem
239 2948 323 3021 quae
340 2925 497 3021 disputari
514 2927 555 2998 de
574 2927 721 3002 amicitia
743 2928 893 3025 poliunt,
907 2930 952 3003 ab
971 2931 1021 3005 eis
1039 2956 1107 3006 cen·

145 3032 205 3108 seo
218 3032 351 3130 petatis,
364 3031 493 3132 quiista
509 3033 717 3131 profitentur.
747 3063 814 3136 ego
826 3062 890 3114 vos
902 3039 1106 3117 honarinn·

143 3165 220 3223 tum
245 3144 400 3244 possum,
420 3164 458 3220 ut
484 3145 664 3222 amicitiam
686 3149 842 3223 omnibus
870 3152 972 3226 rebus
997 3154 1106 3227 huma·

144 3260 196 3334 nis
216 3258 432 3358 anteponatis,
453 3258 535 3333 nihil
547 3258 595 3336 est
613 3261 703 3334 enim
726 3282 793 3337 tam
814 3284 953 3341 naturae
975 3284 1105 3365 aptum,

141 3385 208 3442 tam
231 3368 438 3446 conveniens
454 3370 497 3442 ad
517 3393 570 3443 res
589 3369 644 3442 vel
664 3369 838 3463 secundas,
865 3372 923 3446 vel
947 3375 1106 3455 adversas.

92 3489 124 3551 ιθ
141 3482 205 3556 Sed
219 3483 287 3558 hoc
300 3481 446 3578 primum
459 3480 590 3569 sentio,
607 3481 666 3555 nist
680 3482 714 3557 in
735 3484 834 3557 bonis
848 3483 1033 3565 amicitiam
1044 3485 1104 3562 effe

141 3612 212 3662 non
227 3592 343 3686 poffe:
367 3618 476 3691 neque
494 3594 529 3667 id
549 3594 590 3667 ad
612 3593 731 3666 vivum
756 3593 889 3689 reseco,
910 3615 949 3671 ut
961 3598 1038 3693 illi,
1053 3594 1105 3699 qui

139 3697 221 3795 haec
233 3700 381 3775 subtilius
402 3704 583 3789 differunt3
598 3704 734 3781 sortaffe
748 3731 854 3796 vere,
872 3708 929 3782 sed
950 3711 994 3785 ad
1014 3735 1105 3789 con·

139 3832 275 3881 munem
297 3810 473 3891 utilitatem
489 3840 618 3914 parum.
645 3833 764 3917 negant
779 3817 889 3906 enim,
902 3843 1102 3922 quemquam

138 3921 248 3997 virum
267 3923 394 3998 bonum
407 3929 491 4019 effe,
506 3930 565 4001 nist
587 3929 779 4028 sapientem.
806 3929 855 4003 Sit
870 3930 916 4004 ita
939 3931 1028 4009 sane.
1052 3930 1101 4008 sed

136 4056 210 4105 eam
228 4032 421 4143 sapientiam
439 4041 717 4138 interpretantur,
738 4066 840 4141 quam
858 4042 972 4117 adhuc·
983 4062 1102 4118 morta·

130 4139 290 4237 tuncne
309 4141 359 4221 est
388 4146 597 4232 consecutus..
614 4174 678 4232 nos
689 4170 871 4249 autemea,
885 4175 972 4254 quae
989 4148 1102 4269 tumn
