2340 4628
102 406 138 435 t⁸
969 392 978 419 Ι

148 454 156 468 x
679 437 821 462 lx*
1086 464 1089 468 ¹

222 688 719 768 HISTO‘RICUS.
911 717 981 795 559

10 932 12 939 Ι
56 881 110 942 quo
123 858 154 920 in
178 855 349 919 Clientt'ann
364 851 453 914 Male.
465 852 495 914 Is
515 853 547 912 de
571 852 670 912 anlitu
694 853 835 915 dannatus
851 856 908 936 est,
925 878 980 919 non

10 952 12 961 '
56 945 91 1003 de
138 939 238 1001 crilatu.

19 1019 53 1089 Ι..
73 1022 97 1084 P
126 1017 293 1092 PILLIUS,
312 1010 429 1078 Cluent.
446 1035 495 1093 47.
511 1013 599 1074 iudex
611 1013 643 1073 in
660 1012 768 1075 iudicio
778 1014 909 1078 Iuniano.
928 1021 984 1079 Sed

10 1120 12 1125 ’
56 1103 125 1165 nili
142 1102 249 1161 dulium
271 1118 325 1159 non
352 1100 401 1179 esi,
420 1095 484 1177 quin
502 1098 539 1177 fit
559 1096 589 1158 P.
612 1093 749 1174 Popillius
775 1098 926 1181 legendum,
948 1119 979 1167 ue

19 1186 288 1334 nitidioris,
301 1256 795 1352 nr.r·.rasnqs,nr.14.conru1‚..
806 1243 983 1325 cccxciv.

61 1345 184 1411 Flamen
201 1337 411 1413 Carmentalis,
426 1337 597 1399 sedrtronem
615 1340 783 1402 auctoritate
807 1345 834 1404 dt
856 1343 985 1405 oratione
1100 1346 1103 1353 '

58 1427 152 1490 sedat.
172 1424 250 1485 unde
271 1424 380 1495 Laenas
399 1421 491 1481 drohn
515 1419 577 1481 stt?

18 1508 50 1573 P.
73 1505 290 1576 POPILLIUS,
313 1506 342 1564 C.
361 1505 393 1567 F.
408 1503 443 1562 P.
460 1505 499 1564 N.
520 1502 599 1574 Verr.
618 1523 656 1575 4,
682 1521 726 1583 50.
746 1501 776 1564 P.
802 1502 909 1582 Rupilii
924 1502 985 1566 col.

61 1589 128 1668 lega
141 1590 172 1648 in
191 1582 370 1659 Consulatu,
385 1607 412 1643 a.
433 1584 577 1644 DCXXI.
600 1581 716 1645 Cluent
744 1602 758 1663 3
782 1632 789 1646 .
809 1582 893 1647 Dora.
930 1605 987 1647 r.a

62 1672 101 1735 ί.
109 1665 240 1731 Graccho
251 1665 314 1744 lege
332 1663 390 1725 lata
412 1664 443 1722 in
458 1662 584 1724 exsilium
606 1664 737 1725 mittitur.
785 1666 836 1727 uir.
857 1687 886 1746 p.
941 1667 988 1729 ed.

64 1769 93 1833 3.
115 1751 183 1811 Sen.
210 1768 238 1825 p.
257 1747 290 1809 lt
313 1765 357 1828 ις.
378 1745 455 1808 Brut.
480 1763 524 1824 34.
547 1743 699 1805 restituitur
722 1747 870 1824 rogatione
885 1748 917 1809 L.
935 1748 989 1815 Be-

63 1831 135 1895 stiae
157 1827 223 1890 trib.
242 1826 281 1906 pl.
307 1827 385 1888 Brut.
410 1845 458 1905 ις.
478 1844 539 1886 non
567 1825 727 1887 indisertus.
755 1829 839 1889 Hunc
857 1847 988 1911 putarunt

66 1914 128 1976 Vm·
151 1912 218 1972 doili
237 1911 345 1990 quidam
365 1907 481 1988 intelligi
501 1929 552 1987 pro
568 1908 658 1967 Balbo
677 1929 701 1969 c.
725 1932 758 1970 tr.
777 1911 862 1991 ibique
878 1932 928 1993 pto
948 1910 986 1973 C.

63 1994 175 2059 Laenas
199 1989 245 2079 effe
264 1991 397 2071 legendum
421 1988 451 2048 P.
468 1986 594 2063 Laenas,
620 2008 650 2049 at
668 1991 744 2051 halet
764 1992 931 2066 Manutius,
946 1992 991 2051 in·

58 2076 157 2159 prinu
169 2094 226 2134 eum
249 2075 280 2132 de
307 2073 339 2133 C.
360 2070 475 2152 Popillii
493 2072 584 2150 exfilio
607 2072 673 2131 nili
700 2093 726 2129 rs
744 2074 876 2155 constaret.
897 2073 991 2153 Neque

62 2157 180 2238 abfrido
196 2156 229 2235 est
247 2154 293 2235 ista
308 2153 459 2243 conieiiura.
484 2154 559 2211 Nam
572 2151 601 2213 P.
620 2096 693 2214 &si
713 2155 741 2211 in
755 2154 895 2236 Popilliis,
912 2172 990 2234 atque

64 2238 154 2297 eodem
174 2236 223 2294 ltoc
244 2234 371 2313 confundi
396 2254 429 2289 ex
452 2232 554 2292 Cluent.
584 2255 602 2308 3
606 2253 633 2305 5.
658 2234 836 2314 intelligitur,
854 2235 899 2294 uli
926 2236 991 2294 olim
1071 2303 1074 2306 ‚

67 2315 102 2379 C.
121 2317 145 2375 le
163 2317 253 2374 ebatur
268 2335 318 2395 pro
334 2312 363 2372 P.
384 2312 477 2390 Neque
501 2328 587 2370 tamen
606 2312 638 2371 C.
658 2315 792 2378 reiecerim.
813 2316 902 2395 Potest
921 2317 991 2374 enim

66 2337 185 2478 inteligi
192 2398 228 2487 ¹de
241 2416 270 2453 eo
283 2438 292 2467 ,
307 2391 493 2484 quinctilio
507 2390 637 2482 opprefflis
653 2394 702 2473 est,
718 2393 745 2451 dt
752 2397 811 2472 fine
825 2397 904 2455 dubio
913 2397 992 2479 exsu-

67 2480 148 2540 lavit.
167 2479 223 2538 vid.
242 2474 277 2537 C.
291 2470 431 2549 Pop1lltus
447 2469 481 2533 C.
496 2470 528 2533 F.

24 2560 58 2625 P.
79 2554 298 2629 POPILLIUS,
312 2552 431 2616 Cluent.
454 2553 498 2632 36.
518 2570 582 2612 teus
597 2552 633 2611 de
650 2551 780 2626 ambitu,
800 2552 962 2616 damnatur.

27 2637 187 2712 PORCLA,
204 2639 266 2699 Att.
290 2655 302 2694 1
339 2679 348 2709 ,
370 2655 413 2695 ιι.
435 2637 480 2694 Μ.
507 2632 618 2694 Catonis
628 2635 705 2715 soror
715 2678 726 2704 ,
741 2636 860 2694 Domitii
877 2638 995 2709 Alieno·¹

70 2723 144 2783 barbi
158 2741 235 2780 uxor.
256 2655 327 2777 ibis.
348 2734 400 2795 13,
421 2734 466 2795 37.
485 2713 535 2790 48.
556 2715 616 2774 eius
635 2713 771 2775 laudatio.

29 2801 222 2875 PORCINA,
241 2799 368 2862 Herenn.
381 2820 419 2872 4,
435 2816 460 2879 ς.
477 2809 581 2858 orator.
596 2818 610 2854 e
650 2798 680 2859 C.
697 2796 833 2857 Aemilius
845 2797 975 2861 Porcina.

29 2881 194 2949 PORCIUS
206 2928 215 2956 ‚
229 2880 313 2943 Font.
338 2899 364 2960 5.
383 2875 421 2938 de
435 2874 555 2938 cohorte
610 2876 761 2953 .Fonteii,
782 2891 832 2939 aut
845 2880 977 2956 portitor.

31 2964 64 3031 I..
86 2962 250 3028 PORCIUS
269 2960 390 3022 Licinus.
409 2958 489 3021 Brut.
520 2973 563 3040 ις.
583 2957 694 3021 Consul
718 2977 787 3021 cum
806 2961 835 3021 Ρ.
851 2959 997 3037 Claudio,

68 3069 137 3109 ann.
154 3042 293 3106 DLXIX.
306 3038 424 3102 Licinus
432 3041 596 3123 scribendum
613 3039 677 3121 effe,
695 3063 750 3102 non
768 3040 893 3103 Licinius
910 3087 919 3118 ,
940 3045 1001 3102 ret'le

70 3144 179 3188 monent
198 3127 255 3186 Vm·
269 3122 345 3183 dotti.

28 3209 61 3275 1.
83 3205 248 3269 PORCIUS
267 3202 391 3276 Nasica,
413 3201 464 3265 Or.
484 3223 520 3276 2,
540 3199 587 3276 64.
604 3199 665 3259 eius
685 3199 813 3260 facetum
830 3197 1000 3280 responsum

69 3285 180 3352 Catoni
200 3283 321 3350 Censori
345 3285 455 3344 datum.
865 3296 871 3308 ·

25 3366 224 3441 PORSBNA,
243 3366 320 3426 Sext
344 3385 390 3425 21.
412 3381 480 3423 eunt
499 3357 659 3421 interficere
676 3371 797 3422 conatur
815 3363 855 3441 Q.
875 3360 1005 3427 Mucius.

22 3448 261 3519 PORTUNUS,
284 3447 351 3508 Nat.
370 3444 406 3505 D.
426 3466 463 3516 α,
483 3444 529 3504 26.
550 3442 646 3514 Deus,
662 3465 680 3502 a
700 3444 885 3526 panudium.

22 3527 188 3601 POSIDES
206 3529 323 3598 Maro,
348 3522 522 3585 Solentinus.
538 3523 617 3583 Vcrr.
638 3545 674 3598 2,
692 3547 739 3600 42.

19 3609 286 3680 POSIDONIUS,
309 3606 394 3668 offic.
415 3626 452 3685 3,
476 3629 502 3667 2.
531 3605 656 3666 Panaetii
684 3603 849 3684 discipulus.
875 3605 939 3671 Ait.
964 3629 1004 3685 2,

78 3716 105 3755 r.
126 3688 341 3752 commentariis
352 3687 503 3748 Ciceronis
521 3687 636 3748 Graccis
655 3687 691 3746 de
711 3685 872 3749 Consulatu
891 3686 1005 3752 sunab-

71 3774 243 3839 stertetura
269 3769 421 3830 scribendo
442 3767 479 3828 de
504 3767 617 3828 eodem.
645 3768 731 3829 Tusc.
757 3791 798 3840 2,
821 3791 868 3846 24.
891 3770 1006 3834 dolores

73 3854 190 3918 fortiter
208 3853 272 3913 fert.
290 3852 356 3913 Nat.
373 3849 409 3911 D.
431 3869 463 3920 r,
482 3870 530 3923 42.
551 3847 625 3907 liber
641 3848 666 3907 V
688 3850 724 3910 de
742 3864 844 3910 natura
871 3853 1003 3915 deorum.

70 3932 143 4001 Diu.
174 3954 208 4008 r,
230 3954 257 4015 3.
278 3931 404 4024 quin-que
431 3928 517 3990 libros
540 3930 577 3988 de
603 3929 786 3992 Divinatione
813 3932 916 3997 edidit.
938 3934 1003 3994 ibid.

74 4009 1007 4172 att·antitistiBtssstllsttdirtit

78 4180 107 4240 u
128 4175 226 4238 divina
248 4192 299 4252 pet
315 4186 411 4237 totum
435 4172 579 4235 mundum
603 4172 675 4239 susa.
696 4175 761 4237 ibid
783 4197 822 4252 r,
841 4191 886 4254 30.
904 4194 942 4246 α,
962 4193 1007 4258 ¹5·
