2340 4628
8 63 21 106 n
43 43 78 107 id
94 43 182 122 effe,
196 56 251 107 aut
273 41 343 107 fieri
364 40 506 132 potuisse
528 39 693 105 defendat.
713 38 802 107 Haec
821 38 868 112 est

8 149 69 219 rius
87 148 219 233 annuli,
243 167 275 219 et
296 148 392 219 huius
415 146 580 240 exempli:
601 143 623 213 fi
647 171 747 216 nemo
768 147 868 219 scitu·

11 275 90 322 emo
105 277 146 324 ue
170 251 384 347 suspicaturus
396 255 531 349 quidem
547 250 601 340 fit,
619 277 696 322 cum
712 254 868 349 aliquid,

8 386 93 435 trum
107 416 118 449 ‚
132 363 316 459 potentiae,
326 362 586 451 dominationis,
598 362 745 437 libidinis
757 365 868 466 cause,

9 495 39 556 ⁵3
57 470 81 542 ii
96 470 132 543 id
155 469 217 543 diis
236 470 490 568 hominibusque
510 469 661 544 fauturum
678 470 716 546 sit
737 472 866 573 semper

9 604 72 667 tm5
93 580 177 653 iisne
199 579 368 655 indutus?
396 599 516 679 negant
532 578 569 653 id
589 574 661 651 fieri
679 578 772 676 poffe
785 608 796 655 a
810 607 866 657 ne·

12 716 67 763 am
92 689 201 788 potest
222 691 256 763 id
278 692 425 790 quidem.
449 691 505 765 sed
525 716 672 791 quaero,
689 695 784 790 quod
804 720 866 787 ne-

9 800 107 891 uffe,
121 801 160 874 id
181 800 206 873 fi
229 803 355 898 poffet,
370 800 529 900 quidnam
545 800 718 875 facerent?
735 796 867 901 Urgent

10 914 123 989 esane.
148 932 265 1007 negant
282 916 371 987 enim
396 912 508 1012 poss'e,
524 936 558 989 et
577 913 613 985 in
634 938 679 987 eo
697 914 867 1013 perdant:
898 996 904 1007 ,

10 1023 137 1096 erbum
162 1024 243 1121 quid
268 1023 396 1112 valeat,
415 1047 485 1095 non
506 1023 633 1101 vident.
664 1024 754 1097 Cum
776 1025 866 1099 enim

10 1156 112 1222 mus,
134 1132 157 1203 fi
182 1132 305 1228 poffint
324 1132 451 1221 celare,
470 1130 551 1230 quid
566 1130 681 1203 fretun
705 1131 784 1215 fint3
797 1156 868 1205 non

10 1266 110 1331 uitis,
125 1240 290 1337 poffintne
312 1239 439 1325 celare;
451 1235 508 1311 sed
524 1256 681 1341 tanquam
699 1259 868 1311 tormenta

10 1378 64 1427 am
75 1352 280 1439 adhibemus,
293 1369 330 1424 ut
341 1404 352 1441 ‚
363 1350 388 1423 fi
400 1348 642 1447 responderint,
654 1348 708 1438 se,
722 1348 868 1447 impuni-

11 1460 188 1558 »roposnm
208 1460 356 1537 fadinros
382 1456 476 1557 quod
501 1458 673 1557 expediat,
696 1456 867 1539 facinore,-

23 1570 92 1645 effe
113 1571 299 1644 fateantur:
327 1569 512 1668 finegent,
534 1568 649 1643 omnia
671 1570 782 1667 turpia
806 1592 866 1671 per

24 1680 181 1780 firgienda
200 1680 265 1755 effe
286 1680 482 1757 concedant.
496 1678 561 1755 Sed
577 1677 643 1753 iarn
666 1680 710 1752 ad
733 1702 866 1778 propo·

11 1806 230 1871 revertamur.
273 1876 276 1883 Ι
642 1876 645 1881 Ι

11 1900 105 1975 idunt
129 1898 234 1997 saepe,
247 1898 369 1974 multae
390 1899 527 1989 causae,
550 1922 636 2000 qaue
661 1896 866 1973 connubent
879 1924 933 1977 ,ru

12 2034 33 2084 a
51 2008 199 2083 utilitatis
218 2007 345 2104 specie3
359 2035 446 2097 non,
464 2034 539 2083 cum
558 2002 626 2082 hoe
642 2002 866 2093 deliberetur,
882 2038 916 2086 ⁴⁰

12 2126 160 2179 nmhn·
182 2121 218 2178 dr
242 2122 392 2177 iunnaiiae
417 2136 557 2176 nrnratar·
574 2115 723 2174 militarie
740 2114 868 2173 manni.
