2340 4628
132 659 746 743 PHILOSOPHICORUM.
804 644 807 649 λ
873 680 939 755 303

68 823 224 923 vincitur.
255 826 346 895 Haec
364 848 427 921 ego
441 821 624 914 admirans,
637 822 818 895 referebam
834 840 946 895 tamen

68 957 105 1005 os
120 932 162 1004 ad
176 951 297 1005 terram
312 931 503 1003 identidem.
536 933 627 1005 Tum
646 929 843 1023 Africanus,
866 937 946 1004 Sen-
965 933 988 1003 6

69 1040 181 1138 inquit
192 1094 205 1130 ,
225 1062 259 1113 te
280 1039 389 1112 sedem
407 1040 506 1112 etiam
526 1064 618 1113 nunc
634 1039 809 1114 hominum
828 1068 867 1118 ac
882 1045 947 1118 do-

68 1147 333 1245 t'contemplari:
348 1172 432 1246 quae
445 1147 469 1219 st
483 1147 550 1220 tibi
557 1171 675 1244 parva,
692 1148 815 1238 ur-est,
829 1151 876 1226 ita
894 1153 950 1227 vi-

67 1285 105 1349 r,
125 1260 206 1331 haec
225 1255 378 1329 coelestia
396 1258 525 1353 semper
541 1258 710 1353 spedat03
735 1258 790 1332 illa
810 1261 953 1335 humana

69 1367 208 1440 emnito.
239 1367 296 1439 Tu
317 1367 407 1438 enim
425 1391 525 1466 quam
546 1366 769 1443 celebritatem
791 1370 953 1447 sermonis

68 1472 256 1557 ;inum‚aut
269 1497 369 1570 quam
389 1473 605 1570 expetendam
629 1474 769 1571 gloriam
793 1478 953 1576 consequi

68 1582 113 1654 *si
136 1582 229 1656 vides
242 1580 380 1653 habitari
394 1581 528 1654 interra
545 1582 626 1656 raris
643 1600 676 1655 et
695 1584 838 1683 angustis
850 1586 885 1659 in
898 1589 953 1660 lo·

80 1690 165 1763 etin
186 1689 263 1789 ipsrs
285 1690 375 1788 qnasi
396 1691 553 1781 maculis,
571 1691 629 1765 ubi
644 1692 826 1787 habitatur,
849 1692 956 1773 vastas

68 1798 181 1873 udines
197 1799 396 1873 interiectas:
411 1803 561 1899 hosque,
574 1804 632 1903 qni
647 1804 802 1880 incolunt
813 1827 953 1891 tetram,

86 1907 193 1979 modo
214 1906 417 2002 interruptos
435 1904 479 1978 ita
497 1906 589 1995 esse,
607 1930 644 1983 ut
658 1911 738 1984 nihil
757 1912 844 1985 inter
865 1912 955 2010 ipsos

68 2013 119 2087 liis
132 2015 173 2087 ad
185 2014 266 2087 alios
282 2040 414 2089 manare
429 2014 546 2112 possam
564 2016 620 2091 sed
634 2021 752 2116 partim
767 2020 924 2119 obliquos
939 2075 953 2112 ,

68 2127 110 2197 im
130 2126 286 2215 aversos,
304 2127 423 2223 partim
441 2128 537 2199 etiam
559 2128 714 2203 adversos
734 2129 816 2202 slate
830 2130 951 2216 vob'u;

68 2235 155 2309 tibus
176 2238 360 2332 exspectare
382 2236 523 2332 gloriam
548 2254 636 2310 certe
660 2239 783 2311 nullam
802 2239 948 2338 potestis.

68 2343 111 2416 tis
126 2363 233 2415 autem
253 2345 390 2416 eandem
403 2362 521 2415 terram
534 2399 545 2432 ‚
557 2343 646 2439 quast
660 2346 855 2444 quibusdam
869 2349 955 2419 redi·

68 2481 108 2526 tm
133 2477 167 2528 et
191 2456 426 2527 circumdatam
455 2455 620 2550 cingulis:
648 2479 666 2526 e
694 2455 815 2551 quibus
842 2457 954 2546 duos,

68 2565 136 2637 ime
153 2566 237 2638 inter
252 2563 284 2638 se
300 2566 450 2639 diversos
463 2621 473 2654 ,
486 2587 519 2639 et
532 2567 618 2637 coeli
633 2565 811 2641 verticibus
826 2565 901 2662 ipsis
915 2593 957 2640 ex

68 2698 131 2771 que
144 2673 322 2760 subnixos,
342 2672 520 2771 obriguisse
537 2674 653 2770 pruina
670 2674 789 2755 vides;
809 2673 955 2745 medium

70 2786 230 2875 millum,
245 2805 278 2858 et
294 2788 498 2874 maximum,
518 2785 595 2859 solis
608 2787 727 2858 ardore
742 2785 872 2859 torreri.
886 2786 956 2860 duo

102 2897 315 2981 habitabilem
332 2923 477 2997 quorum
491 2898 636 2970 australis
656 2898 731 2985 ille,
755 2898 788 2969 in
806 2921 876 2995 quo
899 2895 958 2995 qni

68 3009 161 3097 lunt,
175 3007 310 3081 adversa
324 3008 420 3080 vobis
433 3026 549 3105 urgent
561 3006 723 3104 vestigia,
746 3005 830 3077 nihil
844 3005 886 3077 ad
901 3030 957 3076 ve·

68 3147 97 3193 m
124 3143 236 3217 genus.
274 3118 338 3189 Hic
361 3136 468 3188 autem
490 3118 569 3189 alter
593 3116 754 3189 subiedus
784 3115 961 3211 aquiloni,

68 3256 95 3301 m
109 3228 276 3315 incoluit,
295 3252 415 3311 cerne,
429 3250 529 3321 quam
545 3225 633 3296 tenui
647 3247 711 3294 vos
725 3241 816 3317 parte
830 3223 960 3293 contin·

74 3339 184 3410 omnis
199 3338 286 3409 enim
302 3361 413 3423 terra,
429 3359 514 3431 quae
531 3333 652 3408 colitur
665 3356 683 3402 a
698 3331 816 3420 vobis,
828 3330 959 3426 angusta

68 3450 200 3533 imbus,
225 3451 378 3521 lateribus
403 3449 524 3530 latior,
550 3469 654 3540 parva
675 3440 836 3538 quaedam
859 3443 962 3515 insula

88 3556 287 3631 circumfusa
303 3558 361 3629 illo
379 3558 480 3642 mari,
504 3555 599 3652 quod
615 3551 841 3637 Atlanticum,
866 3551 960 3648 quod

68 3694 183 3764 gnum,
200 3693 299 3765 quem
321 3670 493 3740 Oceanum
516 3648 680 3761 appellatis
702 3662 737 3733 in
760 3662 879 3736 terris:
901 3665 959 3761 qui

68 3805 108 3851 en
133 3797 226 3849 tanto
248 3780 408 3867 nomine,
430 3778 583 3875 quamsit
604 3798 749 3870 parvus,
771 3774 876 3846 vides.
908 3778 958 3849 Ex

70 3887 146 3986 ipsis
169 3888 264 3959 cultis
288 3888 443 3982 notisque
460 3886 584 3970 terris,
610 3909 687 3954 num
710 3900 764 3955 aut
783 3903 878 3956 tuum
903 3903 960 3955 aut

68 4025 198 4095 isquam
218 3998 366 4071 nostrum
387 4021 538 4083 nomen,
567 3996 622 4067 vel
640 3995 822 4068 Caucasum
846 3997 959 4078 hunc,

68 4135 98 4182 m
110 4110 239 4202 cernis,
253 4109 481 4185 transcendere
490 4106 621 4205 potuit,
635 4107 794 4181 velillum
809 4106 958 4200 Gangem
