2340 4560
10 320 15 519 l

287 648 819 771 nrsroarcus.
946 653 1020 754 4⁸9

10 854 16 877 1
47 808 85 877 C.
101 809 221 885 GETA,
235 829 288 888 pto
302 808 420 873 Cluent.
433 833 481 887 42.
500 812 633 875 eSenatu
649 811 755 874 elesius
772 834 788 874 a
802 811 835 874 t.
852 814 1017 880 Metello&

10 896 12 901 ’
76 892 151 956 -Cn
172 892 303 955 Domitio
321 890 399 953 Cois.
420 891 520 953 censor
536 892 596 972 ipse
610 892 673 971 post
691 893 783 955 fastus
797 894 845 956 eil.

55 982 108 1051 Μ’.
126 983 311 1055 GLABRIO,
322 1006 357 1045 ex
371 986 491 1060 Aciuise
504 987 578 1060 filius
594 989 705 1047 attioris
721 988 789 1069 legis
803 989 920 1059 Aciliae.
939 990 1017 1053 Brut.

95 1064 146 1127 68.
164 1085 251 1126 avum
267 1063 369 1127 habuit
384 1065 572 1141 Scaevolam,
588 1069 687 1129 tardus
703 1068 829 1149 ingenio.
847 1070 914 1132 An.
938 1092 962 1132 1.
987 1072 1021 1134 in

93 1148 175 1226 liert.
196 1169 223 1209 2.
239 1161 353 1225 praetor
374 1149 401 1210 ἃ
423 1149 563 1226 quaesitor
580 1150 611 1210 in
635 1148 718 1209 causa
740 1150 775 1213 G.
793 1150 897 1212 Verris.
914 1150 1018 1214 Martii.

93 1250 124 1312 9.
145 1240 258 1370 ρςέῑειη
276 1230 415 1291 exercitus
436 1249 453 1290 a
472 1229 596 1293 Illurena
615 1230 728 1310 accipit
752 1229 874 1310 Harusp.
895 1231 966 1311 resp.
989 1233 1021 1299 6.

116 1321 179 1370 ontr
193 1328 237 1372 ex.
947 1332 952 1337 ·

55 1329 228 1463 effluet,
247 1389 313 1452 Nat.
329 1389 365 1452 D.
385 1410 421 1472 3,
439 1411 486 1473 23.
504 1389 686 1471 uxorUpis.

56 1484 89 1547 C.
105 1480 295 1558 GLAUCIA,
309 1506 324 1544 e
340 1484 482 1558 Serviliis,
498 1484 535 1544 de
551 1486 601 1547 Or.
623 1504 658 1565 3,
673 1505 722 1560 4¹·
738 1506 773 1559 2,
787 1486 835 1549 61.
854 1487 881 1548 e
895 1486 943 1568 65.
960 1485 1020 1548 Ha·

94 1562 170 1642 rusp.
190 1561 264 1643 resp.
282 1583 326 1645 34.
343 1563 471 1656 lilerium
486 1564 543 1626 alio
557 1578 688 1643 tempore
702 1565 818 1639 laudat,
833 1565 891 1627 alio
908 1568 1020 1646 vitupe-

93 1658 146 1706 rat.
169 1644 241 1708 Rab.
258 1666 287 1721 7.
304 1659 418 1723 praetor
435 1645 583 1708 seditiosus
595 1647 670 1709 Cois.
687 1646 782 1709 Matio
802 1653 829 1709 ἃ
850 1650 876 1709 L.
894 1648 1017 1711 Valerio.

92 1724 185 1790 Catil.
208 1743 241 1805 3,
253 1727 281 1788 6.
299 1740 412 1804 praetor
426 1727 602 1789 interficitur.
619 1729 698 1788 Vett.
718 1750 752 1805 1,
769 1751 797 1813 9.
811 1728 905 1808 legem
925 1731 963 1791 de
975 1750 1020 1791 te·

94 1807 234 1886 petendis
248 1808 333 1882 tulit,
349 1811 382 1867 de
401 1831 453 1889 qua
468 1832 495 1869 ν.
511 1810 570 1871 lnd.
589 1812 669 1891 Lepg.

56 1898 312 1976 GLAUCIPPUS‚
327 1901 427 1978 Agrar.
447 1922 480 1977 r,
497 1902 529 1963 6.
548 1914 687 1980 exceptus
702 1900 765 1981 lege
782 1900 887 1981 Papia,
902 1923 958 1983 qua
970 1923 1020 1985 po·

95 1981 202 2060 tegrini
222 1981 417 2042 eliciebantut.

56 2063 86 2128 P.
106 2062 333 2204 GIIOBULUS,
349 2061 444 2125 Flacc.
462 2082 506 2143 32.
531 2083 575 2146 34.
595 2076 709 2142 praetor
726 2064 827 2128 Asiae:
842 2085 946 2149 egente
961 2068 1021 2127 Ser-

94 2168 125 2203 ΨΙ
138 2166 176 2206 Μ.
325 2202 328 2207 ,
574 2171 580 2184 ’

57 2225 225 2289 GORGIAS
243 2227 407 2300 Leontinus,
421 2224 482 2286 lnv.
506 2245 540 2298 1,
562 2245 585 2307 3.
603 2225 809 2303 antiquillrmus
827 2227 887 2288 fere
903 2227 1018 2304 rhetor,
1092 2222 1096 2229 ’

97 2308 137 2367 de
154 2304 290 2369 omnibus
309 2307 394 2367 rebus
417 2320 558 2367 oratorem
585 2309 695 2383 optime
718 2308 813 2366 dicere
834 2309 911 2383 polle
928 2311 1020 2370 existi-

97 2388 198 2449 mavit.
211 2387 291 2449 Orat.
304 2410 314 2447 1
328 2432 338 2461 ,
350 2410 394 2451 22.
414 2406 450 2467 3,
472 2407 515 2466 32.
531 2386 591 2448 tn.
609 2409 646 2458 2,
668 2409 691 2446 1.
706 2389 813 2462 primus
828 2389 857 2447 in
874 2407 1020 2450 conventu

95 2468 181 2532 ausus
200 2469 239 2529 est
262 2468 396 2546 poscere,
417 2488 472 2545 qua
494 2469 529 2527 de
556 2486 585 2526 rc
607 2467 723 2543 quisque
745 2466 831 2526 vellet
851 2469 957 2529 audire.
991 2471 1018 2532 ei

96 2549 219 2628 Delphis
241 2547 334 2610 atota
359 2550 476 2612 Graecia
498 2567 557 2607 non
578 2548 727 2620 inaurata,
754 2547 800 2608 sed
824 2568 908 2609 autea
931 2549 1020 2613 statua

95 2633 187 2710 polita
199 2630 239 2691 est
268 2630 344 2692 Brut.
361 2651 403 2691 12.
418 2649 512 2689 rerum
527 2627 697 2706 lnrgulatum
712 2628 891 2691 laudationes
907 2633 1018 2711 vitupe-

94 2711 276 2789 rationesque
294 2710 418 2790 l'cripstt,
434 2710 513 2771 locos
536 2729 712 2771 communae.
734 2713 779 2770 Ab
797 2715 844 2772 hoc
860 2735 952 2773 nonen
971 2717 1019 2776 lta·

95 2797 139 2853 bct
158 2792 282 2856 Platonis
301 2793 431 2872 dialogus
447 2806 546 2852 contra
567 2791 711 2870 sophillas
730 2793 780 2854 Or.
806 2815 840 2866 r,
861 2815 905 2855 rt.

59 2886 243 2959 GORGIAS,
263 2886 299 2947 ad
319 2887 424 2950 Heren.
448 2911 488 2962 4,
513 2907 555 2969 52.
574 2886 729 2965 pedissequi
753 2906 868 2948 nomen.

59 2966 240 3042 GORGIAS,
253 2967 289 3027 ad
301 2967 363 3028 Diu.
385 2970 438 3039 16,
454 2990 499 3029 21.
511 2967 623 3040 rhetor,
634 2989 690 3046 quo
708 2968 750 3031 Μ.
763 2970 862 3030 Cicero
877 2968 915 3030 fil.
928 2967 1018 3030 Athe-

97 3049 142 3110 nis
160 3048 242 3109 initio
260 3047 325 3109 usus
342 3048 402 3122 est,
421 3049 470 3110 sed
489 3049 576 3128 paulo
595 3050 672 3126 poll,
694 3050 766 3109 iullir
787 3051 890 3127 patris,
906 3049 1019 3113 dimisit.

59 3129 213 3203 GORGO,
234 3130 312 3191 Vett.
330 3156 364 3205 4,
387 3130 432 3213 56.
453 3130 584 3197 llledusa.

56 3221 369 3364 GfGORGONIUS,
394 3223 439 3287 Bt.
457 3223 504 3299 48.
525 3240 612 3298 eques
631 3220 715 3283 Rom.
735 3218 826 3297 qualis
845 3219 876 3279 in
893 3219 1018 3282 dicendo

111 3323 171 3364 uen
186 3350 193 3364 .

57 3399 102 3469 Ti.
120 3397 345 3472 GRACCHUS,
356 3396 418 3461 lnv.
433 3418 464 3471 r,
480 3415 525 3476 3ο.
544 3395 636 3458 Pater.
648 3391 727 3457 Lael.
740 3413 786 3471 27.
800 3391 941 3470 Scipionis
956 3392 1019 3473 Ast.

97 3483 162 3542 min.
179 3479 267 3540 socer.
288 3479 366 3541 Brut.
388 3500 433 3542 20.
447 3478 475 3539 P.
490 3476 529 3539 fil.
542 3477 584 3537 bis
600 3472 746 3538 Consul&
759 3472 1021 3535 Censot.eiusora-

97 3562 141 3622 tio
159 3561 267 3622 Graeca
285 3559 362 3639 apud
381 3559 529 3629 Rhodios,
544 3558 586 3618 vir
603 3555 730 3618 disertus.
749 3554 829 3618 Ptov.
846 3552 930 3616 Cons.
952 3553 979 3615 8.
991 3555 1022 3614 in

97 3641 247 3703 tribunatu
263 3640 295 3702 l..
312 3626 439 3720 Scipioni
454 3640 596 3713 Astatico,
615 3638 664 3699 etst
681 3635 814 3708 inimico,
829 3651 928 3697 tamen
946 3635 1023 3698 solus

98 3722 208 3784 auxilio
226 3721 273 3784 est.
295 3723 362 3785 Nat.
377 3721 412 3783 D.
432 3743 466 3794 2,
485 3746 513 3795 4.
529 3720 593 3782 Div.
614 3742 647 3795 r,
671 3740 714 3796 17.
733 3720 785 3780 &c
803 3717 904 3779 vitiose
920 3718 1022 3778 consu-

97 3802 141 3865 les
156 3818 250 3876 creat,
267 3804 295 3865 P.
309 3803 474 3881 Scipionem
490 3801 562 3864 &G
574 3799 719 3878 Figulum.
736 3818 771 3859 ex
785 3799 945 3863 Consulatu
959 3800 1022 3861 Sar-

99 3885 213 3951 diniam
229 3883 351 3945 obtinet.
370 3884 420 3947 Or.
441 3904 513 3962 1‚9.
536 3880 642 3943 Censor
664 3879 811 3943 libertinos
834 3885 862 3944 ἃ
883 3882 1021 3959 reliquam

97 3965 195 4031 fecem
215 3964 316 4044 populi
335 3966 364 4026 in
379 3963 501 4026 urbanas
514 3962 605 4024 tribus
622 3962 748 4023 coniicit
771 3965 862 4025 Aliter
878 3967 939 4024 [ἐν.
960 3982 1020 4043 43,

10 4072 17 4091 ·
103 4068 148 4125 ις.
170 4048 290 4108 Ciceroni
308 4048 435 4192 congemit
454 4047 553 4106 Aptior
571 4047 602 4104 de
627 4046 701 4105 Viris
716 4044 739 4104 il
786 4068 807 4105 r.
831 4043 893 4108 Inv.
912 4063 945 4113 r,
975 4061 1021 4121 30.
1045 4074 1050 4083 ·

98 4127 206 4200 lterum
225 4125 335 4211 Consul
373 4139 401 4205 t,
420 4125 500 4215 qood
522 4124 552 4189 in
574 4123 702 4191 Censura
750 4127 756 4139 “
794 4125 863 4188 fecit
884 4121 1020 4192 msciurte
